<?xml version="1.0" encoding="UTF-8"?>
<marc:collection xmlns:marc="http://www.loc.gov/MARC21/slim" xmlns:xsi="http://www.w3.org/2001/XMLSchema-instance" xsi:schemaLocation="http://www.loc.gov/MARC21/slim http://www.loc.gov/standards/marcxml/schema/MARC21slim.xsd">
	<marc:record>
		<marc:leader>04756nkcaa2200649 a 4500</marc:leader>
		<marc:controlfield tag="001">.b10126636</marc:controlfield>
		<marc:controlfield tag="005">20110428200740.0</marc:controlfield>
		<marc:controlfield tag="006">knnn |||||||||||cn</marc:controlfield>
		<marc:controlfield tag="007">kh mom</marc:controlfield>
		<marc:controlfield tag="008">110428k17751834xx nnn |||||| ||||cneng|d</marc:controlfield>
		<marc:datafield tag="100" ind1="1" ind2=" ">
			<marc:subfield code="a">Birch, William Russell,</marc:subfield>
			<marc:subfield code="d">1755-1834.</marc:subfield>
		</marc:datafield>
		<marc:datafield tag="245" ind1="1" ind2="4">
			<marc:subfield code="a">The Country Seats of the United States of America (Parts I-XIX).</marc:subfield>
		</marc:datafield>
		<marc:datafield tag="260" ind1=" " ind2=" ">
			<marc:subfield code="c">1808.</marc:subfield>
		</marc:datafield>
		<marc:datafield tag="300" ind1="1" ind2=" ">
			<marc:subfield code="e">Graphic reproduction(s) with documentation of a</marc:subfield>
			<marc:subfield code="a">print.</marc:subfield>
		</marc:datafield>
		<marc:datafield tag="340" ind1=" " ind2=" ">
			<marc:subfield code="c">engraving.</marc:subfield>
		</marc:datafield>
		<marc:datafield tag="490" ind1="1" ind2=" ">
			<marc:subfield code="a">The Country Seats of the United States of America.</marc:subfield>
		</marc:datafield>
		<marc:datafield tag="590" ind1="1" ind2=" ">
			<marc:subfield code="g">unlocated.</marc:subfield>
		</marc:datafield>
		<marc:datafield tag="600" ind1="1" ind2="0">
			<marc:subfield code="a">Birch, William Russell,</marc:subfield>
			<marc:subfield code="d">1755-1834.</marc:subfield>
		</marc:datafield>
		<marc:datafield tag="650" ind1=" " ind2="0">
			<marc:subfield code="a">Art, American.</marc:subfield>
		</marc:datafield>
		<marc:datafield tag="650" ind1=" " ind2="7">
			<marc:subfield code="a">Prints: Landscapes.</marc:subfield>
			<marc:subfield code="2">local.</marc:subfield>
		</marc:datafield>
		<marc:datafield tag="655" ind1=" " ind2="7">
			<marc:subfield code="a">American School.</marc:subfield>
			<marc:subfield code="2">local.</marc:subfield>
		</marc:datafield>
		<marc:datafield tag="655" ind1=" " ind2="7">
			<marc:subfield code="a">Prints (visual works)</marc:subfield>
			<marc:subfield code="2">aat</marc:subfield>
			<marc:subfield code="0">http://vocab.getty.edu/aat/300041273</marc:subfield>
		</marc:datafield>
		<marc:datafield tag="655" ind1=" " ind2="7">
			<marc:subfield code="a">Reproductions.</marc:subfield>
			<marc:subfield code="2">aat</marc:subfield>
			<marc:subfield code="0">http://vocab.getty.edu/aat/300015643</marc:subfield>
		</marc:datafield>
		<marc:datafield tag="710" ind1="2" ind2=" ">
			<marc:subfield code="a">Frick Art Reference Library.</marc:subfield>
		</marc:datafield>
		<marc:datafield tag="774" ind1="0" ind2=" ">
			<marc:subfield code="t">The Country Seats of the United States of America (Part I: The View from Springland). </marc:subfield>
			<marc:subfield code="w">STAR74757</marc:subfield>
		</marc:datafield>
		<marc:datafield tag="774" ind1="0" ind2=" ">
			<marc:subfield code="t">The Country Seats of the United States of America (Part II: Hoboken in New Jersey, the Seat of Mr. John Stevens). </marc:subfield>
			<marc:subfield code="w">STAR74760</marc:subfield>
		</marc:datafield>
		<marc:datafield tag="774" ind1="0" ind2=" ">
			<marc:subfield code="t">The Country Seats of the United States of America (Part III: Hampton, the Seat of General Charles Ridgley (or Ridgely), Maryland). </marc:subfield>
			<marc:subfield code="w">STAR74761</marc:subfield>
		</marc:datafield>
		<marc:datafield tag="774" ind1="0" ind2=" ">
			<marc:subfield code="t">The Country Seats of the United States of America (Part IV: Landsdown, the Seat of the late William Bingham, Esqr., Pennsylvania). </marc:subfield>
			<marc:subfield code="w">STAR74763</marc:subfield>
		</marc:datafield>
		<marc:datafield tag="774" ind1="0" ind2=" ">
			<marc:subfield code="t">The Country Seats of the United States of America (Part V: The Sun reflecting on the dew, a garden scene, and Echo, Pennsylvania, a place belonging to Mr. D. Bavarge). </marc:subfield>
			<marc:subfield code="w">STAR74764</marc:subfield>
		</marc:datafield>
		<marc:datafield tag="774" ind1="0" ind2=" ">
			<marc:subfield code="t">The Country Seats of the United States of America (Part VI: Mount Vernon, Virginia, the Seat of the late General George Washington). </marc:subfield>
			<marc:subfield code="w">STAR74766</marc:subfield>
		</marc:datafield>
		<marc:datafield tag="774" ind1="0" ind2=" ">
			<marc:subfield code="t">The Country Seats of the United States of America (Part VII: Fountain Green, Pennsylvania, the Seat of Mr. S. Meeker). </marc:subfield>
			<marc:subfield code="w">STAR74767</marc:subfield>
		</marc:datafield>
		<marc:datafield tag="774" ind1="0" ind2=" ">
			<marc:subfield code="t">The Country Seats of the United States of America (Part VIII: Solitude in Pennsylvania, belonging to Mr. Penn). </marc:subfield>
			<marc:subfield code="w">STAR74769</marc:subfield>
		</marc:datafield>
		<marc:datafield tag="774" ind1="0" ind2=" ">
			<marc:subfield code="t">The Country Seats of the United States of America (Part IX: Devon in Pennsylvania, the Seat of Mr. Dallas). </marc:subfield>
			<marc:subfield code="w">STAR74770</marc:subfield>
		</marc:datafield>
		<marc:datafield tag="774" ind1="0" ind2=" ">
			<marc:subfield code="t">The Country Seats of the United States of America (Part X: Mount Sidney, the Seat of General John Barker, Pennsylvania). </marc:subfield>
			<marc:subfield code="w">STAR74771</marc:subfield>
		</marc:datafield>
		<marc:datafield tag="774" ind1="0" ind2=" ">
			<marc:subfield code="t">The Country Seats of the United States of America (Part XI: The Seat of Mr. Duplantier near New Orleans and lately occupied as Head Quarters by General J. Wilkinson). </marc:subfield>
			<marc:subfield code="w">STAR74773</marc:subfield>
		</marc:datafield>
		<marc:datafield tag="774" ind1="0" ind2=" ">
			<marc:subfield code="t">The Country Seats of the United States of America (Part XII: Montibello, the Seat of General S. Smith, Maryland). </marc:subfield>
			<marc:subfield code="w">STAR74774</marc:subfield>
		</marc:datafield>
		<marc:datafield tag="774" ind1="0" ind2=" ">
			<marc:subfield code="t">The Country Seats of the United States of America (Part XIII: Woodlands, the Seat of Mr. William Hamilton, Pennsylvania). </marc:subfield>
			<marc:subfield code="w">STAR74775</marc:subfield>
		</marc:datafield>
		<marc:datafield tag="774" ind1="0" ind2=" ">
			<marc:subfield code="t">The Country Seats of the United States of America (Part XIV: Sedgley, the Seat of Mr. William Crammond, Pennsylvania). </marc:subfield>
			<marc:subfield code="w">STAR74776</marc:subfield>
		</marc:datafield>
		<marc:datafield tag="774" ind1="0" ind2=" ">
			<marc:subfield code="t">The Country Seats of the United States of America (Part XV: View from Belmont, Pennsylvania, the Seat of Judge Peters). </marc:subfield>
			<marc:subfield code="w">STAR74777</marc:subfield>
		</marc:datafield>
		<marc:datafield tag="774" ind1="0" ind2=" ">
			<marc:subfield code="t">The Country Seats of the United States of America (Part XVI: York-Island, with a View of the Seats of Mr. A. Graeve, Mr. Church &amp; c.). </marc:subfield>
			<marc:subfield code="w">STAR74778</marc:subfield>
		</marc:datafield>
		<marc:datafield tag="774" ind1="0" ind2=" ">
			<marc:subfield code="t">The Country Seats of the United States of America (Part XVII: Mendenhall Ferry, Schuylkill Pennsylvania). </marc:subfield>
			<marc:subfield code="w">STAR74779</marc:subfield>
		</marc:datafield>
		<marc:datafield tag="774" ind1="0" ind2=" ">
			<marc:subfield code="t">The Country Seats of the United States of America (Part XVIII: China Retreat, Pennsylvania, the Seat of Mr. Manigault). </marc:subfield>
			<marc:subfield code="w">STAR74780</marc:subfield>
		</marc:datafield>
		<marc:datafield tag="774" ind1="0" ind2=" ">
			<marc:subfield code="t">The Country Seats of the United States of America (Part XIX: View from the Elysian Bower, Springland, Pennsylvania, the residence of Mr. W. Birch). </marc:subfield>
			<marc:subfield code="w">STAR74781</marc:subfield>
		</marc:datafield>
		<marc:datafield tag="792" ind1="1" ind2=" ">
			<marc:subfield code="a">Birch, William,</marc:subfield>
			<marc:subfield code="d">1755-1834.</marc:subfield>
		</marc:datafield>
		<marc:datafield tag="830" ind1=" " ind2="0">
			<marc:subfield code="a">Country Seats of the United States of America.</marc:subfield>
		</marc:datafield>
		<marc:datafield tag="852" ind1="8" ind2=" ">
			<marc:subfield code="a">NNFr</marc:subfield>
			<marc:subfield code="h">Birch, William, 100, The Country Seats of the United States of America (series)</marc:subfield>
		</marc:datafield>
		<marc:datafield tag="910" ind1=" " ind2=" ">
			<marc:subfield code="a">.b10126636</marc:subfield>
		</marc:datafield>
		<marc:datafield tag="902" ind1=" " ind2=" ">
			<marc:subfield code="a">170302</marc:subfield>
			<marc:subfield code="d">110501</marc:subfield>
		</marc:datafield>
		<marc:datafield tag="996" ind1=" " ind2=" ">
			<marc:subfield code="b">1</marc:subfield>
			<marc:subfield code="c">110501</marc:subfield>
			<marc:subfield code="d">d</marc:subfield>
			<marc:subfield code="e">k</marc:subfield>
			<marc:subfield code="f">-</marc:subfield>
			<marc:subfield code="g">4</marc:subfield>
			<marc:subfield code="l">fpw</marc:subfield>
		</marc:datafield>
		<marc:datafield tag="935" ind1=" " ind2=" ">
			<marc:subfield code="a">STAR74782</marc:subfield>
			<marc:subfield code="b">WID74782</marc:subfield>
		</marc:datafield>
		<marc:datafield tag="948" ind1=" " ind2=" ">
			<marc:subfield code="a">LTI 07/20/2012</marc:subfield>
		</marc:datafield>
		<marc:datafield tag="980" ind1="1" ind2=" ">
			<marc:subfield code="a">For the complete set, see records 74757, 74760, 74761, 74763, 74764, 74766, 74767, 74769, 74770, 74771, 74773, 74774, 74775, 74776, 74777, 74778, 74779, 74780, 74781, and 74782.</marc:subfield>
		</marc:datafield>
		<marc:datafield tag="980" ind1="2" ind2=" ">
			<marc:subfield code="a">CIDOC-CRM mapping example</marc:subfield>
		</marc:datafield>
		<marc:datafield tag="980" ind1="4" ind2=" ">
			<marc:subfield code="a">FARL Mounts File</marc:subfield>
		</marc:datafield>
		<marc:datafield tag="980" ind1="5" ind2=" ">
			<marc:subfield code="a">STAR record stamp</marc:subfield>
			<marc:subfield code="b">KS4</marc:subfield>
			<marc:subfield code="c">2006 11 09</marc:subfield>
			<marc:subfield code="d">KS</marc:subfield>
			<marc:subfield code="e">2006 11 09</marc:subfield>
		</marc:datafield>
		<marc:datafield tag="902" ind1=" " ind2=" ">
			<marc:subfield code="d">110501</marc:subfield>
		</marc:datafield>
		<marc:datafield tag="945" ind1=" " ind2=" ">
			<marc:subfield code="a">Birch, William, 100, The Country Seats of the United States of America (series)</marc:subfield>
			<marc:subfield code="g">1</marc:subfield>
			<marc:subfield code="j">0</marc:subfield>
			<marc:subfield code="l">fpw  </marc:subfield>
			<marc:subfield code="n">Item generated from STAR migration load. 4/11 lilyp</marc:subfield>
			<marc:subfield code="o">x</marc:subfield>
			<marc:subfield code="p">$0.00</marc:subfield>
			<marc:subfield code="q">-</marc:subfield>
			<marc:subfield code="r">-</marc:subfield>
			<marc:subfield code="s">-</marc:subfield>
			<marc:subfield code="t">10</marc:subfield>
			<marc:subfield code="u">0</marc:subfield>
			<marc:subfield code="v">0</marc:subfield>
			<marc:subfield code="w">0</marc:subfield>
			<marc:subfield code="x">0</marc:subfield>
			<marc:subfield code="y">.i20276242</marc:subfield>
			<marc:subfield code="z">110501</marc:subfield>
		</marc:datafield>
	</marc:record>