
	<marc:record>
		<marc:leader>02084nkcaa2200481 a 4500</marc:leader>
		<marc:controlfield tag="001">.b10149004</marc:controlfield>
		<marc:controlfield tag="005">20110428200731.0</marc:controlfield>
		<marc:controlfield tag="006">knnn |||||||||||cn</marc:controlfield>
		<marc:controlfield tag="007">kh mom</marc:controlfield>
		<marc:controlfield tag="008">110428k15141534xx nnn |||||| ||||cneng|d</marc:controlfield>
		<marc:datafield tag="100" ind1="1" ind2=" ">
			<marc:subfield code="a">Correggio,</marc:subfield>
			<marc:subfield code="d">1489?-1534.</marc:subfield>
		</marc:datafield>
		<marc:datafield tag="245" ind1="1" ind2="0">
			<marc:subfield code="a">Nativity (&quot;The Holy Night&quot;) (Part II).</marc:subfield>
		</marc:datafield>
		<marc:datafield tag="300" ind1="1" ind2=" ">
			<marc:subfield code="e">Graphic reproduction(s) with documentation of a</marc:subfield>
			<marc:subfield code="a">print.</marc:subfield>
		</marc:datafield>
		<marc:datafield tag="490" ind1="1" ind2=" ">
			<marc:subfield code="a">Nativity (&quot;The Holy Night&quot;).</marc:subfield>
		</marc:datafield>
		<marc:datafield tag="561" ind1=" " ind2=" ">
			<marc:subfield code="a">Gemäldegalerie Alte Meister, Staatliche Kunstsammlungen Dresden, Dresden.</marc:subfield>
		</marc:datafield>
		<marc:datafield tag="590" ind1="1" ind2=" ">
			<marc:subfield code="a">Gemäldegalerie Alte Meister, Staatliche Kunstsammlungen Dresden,</marc:subfield>
			<marc:subfield code="b">Dresden,</marc:subfield>
			<marc:subfield code="d">Germany,</marc:subfield>
			<marc:subfield code="f">152,</marc:subfield>
			<marc:subfield code="g">public.</marc:subfield>
		</marc:datafield>
		<marc:datafield tag="590" ind1="2" ind2=" ">
			<marc:subfield code="a">Title and attribution: (a) Nativity (&quot;The Holy Night&quot;), by Correggio.</marc:subfield>
		</marc:datafield>
		<marc:datafield tag="590" ind1="9" ind2=" ">
			<marc:subfield code="a">Photograph,</marc:subfield>
			<marc:subfield code="j">Gift,</marc:subfield>
			<marc:subfield code="k">Hope Mathewson,</marc:subfield>
			<marc:subfield code="l">November 1941.</marc:subfield>
			<marc:subfield code="n">m</marc:subfield>
		</marc:datafield>
		<marc:datafield tag="556" ind1=" " ind2=" ">
			<marc:subfield code="a">Information from Frick Art Reference Library Photoarchive.</marc:subfield>
		</marc:datafield>
		<marc:datafield tag="600" ind1="1" ind2="0">
			<marc:subfield code="a">Correggio,</marc:subfield>
			<marc:subfield code="d">1489?-1534.</marc:subfield>
		</marc:datafield>
		<marc:datafield tag="650" ind1=" " ind2="0">
			<marc:subfield code="a">Art, Italian.</marc:subfield>
		</marc:datafield>
		<marc:datafield tag="650" ind1=" " ind2="7">
			<marc:subfield code="a">New Testament: Life of Christ: Nativity.</marc:subfield>
			<marc:subfield code="2">local.</marc:subfield>
		</marc:datafield>
		<marc:datafield tag="655" ind1=" " ind2="7">
			<marc:subfield code="a">Italian School.</marc:subfield>
			<marc:subfield code="2">local.</marc:subfield>
		</marc:datafield>
		<marc:datafield tag="655" ind1=" " ind2="7">
			<marc:subfield code="a">Prints (visual works)</marc:subfield>
			<marc:subfield code="2">aat</marc:subfield>
			<marc:subfield code="0">http://vocab.getty.edu/aat/300041273</marc:subfield>
		</marc:datafield>
		<marc:datafield tag="655" ind1=" " ind2="7">
			<marc:subfield code="a">Reproductions.</marc:subfield>
			<marc:subfield code="2">aat</marc:subfield>
			<marc:subfield code="0">http://vocab.getty.edu/aat/300015643</marc:subfield>
		</marc:datafield>
		<marc:datafield tag="710" ind1="2" ind2=" ">
			<marc:subfield code="a">Gemäldegalerie Alte Meister (Dresden, Germany)</marc:subfield>
		</marc:datafield>
		<marc:datafield tag="710" ind1="2" ind2=" ">
			<marc:subfield code="a">Frick Art Reference Library.</marc:subfield>
		</marc:datafield>
		<marc:datafield tag="773" ind1="0" ind2=" ">
			<marc:subfield code="t">Nativity (&quot;The Holy Night&quot;) (Parts I-II). </marc:subfield>
			<marc:subfield code="w">STAR72542</marc:subfield>
		</marc:datafield>
		<marc:datafield tag="792" ind1="1" ind2=" ">
			<marc:subfield code="a">Correggio,</marc:subfield>
			<marc:subfield code="d">c.1494-1534.</marc:subfield>
		</marc:datafield>
		<marc:datafield tag="830" ind1=" " ind2="0">
			<marc:subfield code="a">Nativity (&quot;The Holy Night&quot;)</marc:subfield>
		</marc:datafield>
		<marc:datafield tag="852" ind1="8" ind2=" ">
			<marc:subfield code="a">NNFr</marc:subfield>
			<marc:subfield code="h">Correggio 703-4a Part II</marc:subfield>
		</marc:datafield>
		<marc:datafield tag="910" ind1=" " ind2=" ">
			<marc:subfield code="a">.b10149004</marc:subfield>
		</marc:datafield>
		<marc:datafield tag="902" ind1=" " ind2=" ">
			<marc:subfield code="a">170302</marc:subfield>
			<marc:subfield code="d">110501</marc:subfield>
		</marc:datafield>
		<marc:datafield tag="996" ind1=" " ind2=" ">
			<marc:subfield code="b">1</marc:subfield>
			<marc:subfield code="c">110501</marc:subfield>
			<marc:subfield code="d">d</marc:subfield>
			<marc:subfield code="e">k</marc:subfield>
			<marc:subfield code="f">-</marc:subfield>
			<marc:subfield code="g">0</marc:subfield>
			<marc:subfield code="l">fpw</marc:subfield>
		</marc:datafield>
		<marc:datafield tag="935" ind1=" " ind2=" ">
			<marc:subfield code="a">STAR72544</marc:subfield>
			<marc:subfield code="b">WID72544</marc:subfield>
		</marc:datafield>
		<marc:datafield tag="980" ind1="1" ind2=" ">
			<marc:subfield code="a">For the complete set, see records 72542, 72543, and 72544.</marc:subfield>
		</marc:datafield>
		<marc:datafield tag="980" ind1="2" ind2=" ">
			<marc:subfield code="a">CIDOC-CRM mapping example</marc:subfield>
		</marc:datafield>
		<marc:datafield tag="980" ind1="4" ind2=" ">
			<marc:subfield code="a">FARL Mounts File</marc:subfield>
		</marc:datafield>
		<marc:datafield tag="980" ind1="5" ind2=" ">
			<marc:subfield code="a">STAR record stamp</marc:subfield>
			<marc:subfield code="b">KIRA</marc:subfield>
			<marc:subfield code="c">2006 05 31</marc:subfield>
			<marc:subfield code="d">KIRA2</marc:subfield>
			<marc:subfield code="e">2006 05 31</marc:subfield>
		</marc:datafield>
		<marc:datafield tag="983" ind1=" " ind2=" ">
			<marc:subfield code="a">1</marc:subfield>
			<marc:subfield code="b">reproduction(s).</marc:subfield>
		</marc:datafield>
		<marc:datafield tag="948" ind1=" " ind2=" ">
			<marc:subfield code="a">LTI 08/06/2012</marc:subfield>
		</marc:datafield>
		<marc:datafield tag="902" ind1=" " ind2=" ">
			<marc:subfield code="d">110501</marc:subfield>
		</marc:datafield>
		<marc:datafield tag="945" ind1=" " ind2=" ">
			<marc:subfield code="a">Correggio 703-4a Part II</marc:subfield>
			<marc:subfield code="g">1</marc:subfield>
			<marc:subfield code="j">0</marc:subfield>
			<marc:subfield code="l">fpw  </marc:subfield>
			<marc:subfield code="n">Item generated from STAR migration load. 4/11 lilyp</marc:subfield>
			<marc:subfield code="o">x</marc:subfield>
			<marc:subfield code="p">$0.00</marc:subfield>
			<marc:subfield code="q">-</marc:subfield>
			<marc:subfield code="r">-</marc:subfield>
			<marc:subfield code="s">-</marc:subfield>
			<marc:subfield code="t">10</marc:subfield>
			<marc:subfield code="u">0</marc:subfield>
			<marc:subfield code="v">0</marc:subfield>
			<marc:subfield code="w">0</marc:subfield>
			<marc:subfield code="x">0</marc:subfield>
			<marc:subfield code="y">.i20300025</marc:subfield>
			<marc:subfield code="z">110501</marc:subfield>
		</marc:datafield>
	</marc:record>