
	<marc:record>
		<marc:leader>01957nkcaa2200445 a 4500</marc:leader>
		<marc:controlfield tag="001">.b10178296</marc:controlfield>
		<marc:controlfield tag="005">20110428200721.0</marc:controlfield>
		<marc:controlfield tag="006">knnn |||||||||||cn</marc:controlfield>
		<marc:controlfield tag="007">kh mom</marc:controlfield>
		<marc:controlfield tag="008">110428k15401560xx nnn |||||| ||||cneng|d</marc:controlfield>
		<marc:datafield tag="100" ind1="1" ind2=" ">
			<marc:subfield code="a">Clouet, François,</marc:subfield>
			<marc:subfield code="d">-1572,</marc:subfield>
			<marc:subfield code="j">copy of.</marc:subfield>
		</marc:datafield>
		<marc:datafield tag="245" ind1="1" ind2="0">
			<marc:subfield code="a">Francis II, King of France (1544-1560).</marc:subfield>
		</marc:datafield>
		<marc:datafield tag="300" ind1="1" ind2=" ">
			<marc:subfield code="e">Graphic reproduction(s) with documentation of a</marc:subfield>
			<marc:subfield code="a">drawing.</marc:subfield>
		</marc:datafield>
		<marc:datafield tag="590" ind1="9" ind2=" ">
			<marc:subfield code="a">Photograph,</marc:subfield>
			<marc:subfield code="b">A.C. Cooper, London</marc:subfield>
			<marc:subfield code="d">C1274</marc:subfield>
			<marc:subfield code="f">Good</marc:subfield>
			<marc:subfield code="k">Frick Art Reference Library, New York (FARL) negative</marc:subfield>
			<marc:subfield code="n">m</marc:subfield>
		</marc:datafield>
		<marc:datafield tag="590" ind1="9" ind2=" ">
			<marc:subfield code="a">Digital image,</marc:subfield>
			<marc:subfield code="g">C1274_POST.tif</marc:subfield>
			<marc:subfield code="h">negative</marc:subfield>
		</marc:datafield>
		<marc:datafield tag="600" ind1="1" ind2="0">
			<marc:subfield code="a">Clouet, François,</marc:subfield>
			<marc:subfield code="d">-1572.</marc:subfield>
		</marc:datafield>
		<marc:datafield tag="600" ind1="0" ind2="0">
			<marc:subfield code="a">Francis</marc:subfield>
			<marc:subfield code="b">II,</marc:subfield>
			<marc:subfield code="c">King of France,</marc:subfield>
			<marc:subfield code="d">1544-1560.</marc:subfield>
		</marc:datafield>
		<marc:datafield tag="650" ind1=" " ind2="0">
			<marc:subfield code="a">Art, French.</marc:subfield>
		</marc:datafield>
		<marc:datafield tag="650" ind1=" " ind2="7">
			<marc:subfield code="a">Drawings: Portraits: Men.</marc:subfield>
			<marc:subfield code="2">local.</marc:subfield>
		</marc:datafield>
		<marc:datafield tag="655" ind1=" " ind2="7">
			<marc:subfield code="a">French School.</marc:subfield>
			<marc:subfield code="2">local.</marc:subfield>
		</marc:datafield>
		<marc:datafield tag="655" ind1=" " ind2="7">
			<marc:subfield code="a">Drawings (visual works)</marc:subfield>
			<marc:subfield code="2">aat</marc:subfield>
			<marc:subfield code="0">http://vocab.getty.edu/aat/300033973</marc:subfield>
		</marc:datafield>
		<marc:datafield tag="655" ind1=" " ind2="7">
			<marc:subfield code="a">Reproductions.</marc:subfield>
			<marc:subfield code="2">aat</marc:subfield>
			<marc:subfield code="0">http://vocab.getty.edu/aat/300015643</marc:subfield>
		</marc:datafield>
		<marc:datafield tag="710" ind1="2" ind2=" ">
			<marc:subfield code="a">Frick Art Reference Library.</marc:subfield>
		</marc:datafield>
		<marc:datafield tag="792" ind1="1" ind2=" ">
			<marc:subfield code="a">Clouet, François,</marc:subfield>
			<marc:subfield code="d">a.1520-1572,</marc:subfield>
			<marc:subfield code="j">copy of.</marc:subfield>
		</marc:datafield>
		<marc:datafield tag="852" ind1="8" ind2=" ">
			<marc:subfield code="a">NNFr</marc:subfield>
			<marc:subfield code="h">Clouet, François, 500, Francis II, King of France (1544-1560)</marc:subfield>
		</marc:datafield>
		<marc:datafield tag="856" ind1="4" ind2="1">
			<marc:subfield code="u">http://digitalcollections.frick.org/digico/#/details/bibRecordNumber/b10178296/Photoarchive</marc:subfield>
			<marc:subfield code="z">Photoarchive images and documentation</marc:subfield>
		</marc:datafield>
		<marc:datafield tag="910" ind1=" " ind2=" ">
			<marc:subfield code="a">.b10178296</marc:subfield>
		</marc:datafield>
		<marc:datafield tag="902" ind1=" " ind2=" ">
			<marc:subfield code="a">170302</marc:subfield>
			<marc:subfield code="d">110501</marc:subfield>
		</marc:datafield>
		<marc:datafield tag="996" ind1=" " ind2=" ">
			<marc:subfield code="b">1</marc:subfield>
			<marc:subfield code="c">110501</marc:subfield>
			<marc:subfield code="d">d</marc:subfield>
			<marc:subfield code="e">k</marc:subfield>
			<marc:subfield code="f">-</marc:subfield>
			<marc:subfield code="g">0</marc:subfield>
			<marc:subfield code="l">fpw</marc:subfield>
		</marc:datafield>
		<marc:datafield tag="904" ind1=" " ind2=" ">
			<marc:subfield code="a">Record created with funding from</marc:subfield>
			<marc:subfield code="b">ARTstor.</marc:subfield>
		</marc:datafield>
		<marc:datafield tag="906" ind1=" " ind2=" ">
			<marc:subfield code="a">ARTstor</marc:subfield>
		</marc:datafield>
		<marc:datafield tag="935" ind1=" " ind2=" ">
			<marc:subfield code="a">STAR69615</marc:subfield>
			<marc:subfield code="b">WID69615</marc:subfield>
		</marc:datafield>
		<marc:datafield tag="980" ind1="2" ind2=" ">
			<marc:subfield code="a">CIDOC-CRM mapping example</marc:subfield>
		</marc:datafield>
		<marc:datafield tag="980" ind1="4" ind2=" ">
			<marc:subfield code="a">FARL Mounts File</marc:subfield>
		</marc:datafield>
		<marc:datafield tag="980" ind1="5" ind2=" ">
			<marc:subfield code="a">STAR record stamp</marc:subfield>
			<marc:subfield code="b">ANGELA</marc:subfield>
			<marc:subfield code="c">2005 12 07</marc:subfield>
			<marc:subfield code="d">KS</marc:subfield>
			<marc:subfield code="e">2006 02 10</marc:subfield>
		</marc:datafield>
		<marc:datafield tag="982" ind1=" " ind2=" ">
			<marc:subfield code="a">Data exported</marc:subfield>
			<marc:subfield code="b">ARTstor</marc:subfield>
		</marc:datafield>
		<marc:datafield tag="983" ind1=" " ind2=" ">
			<marc:subfield code="a">1</marc:subfield>
			<marc:subfield code="b">reproduction(s).</marc:subfield>
		</marc:datafield>
		<marc:datafield tag="948" ind1=" " ind2=" ">
			<marc:subfield code="a">LTI 08/06/2012</marc:subfield>
		</marc:datafield>
		<marc:datafield tag="902" ind1=" " ind2=" ">
			<marc:subfield code="d">110501</marc:subfield>
		</marc:datafield>
		<marc:datafield tag="945" ind1=" " ind2=" ">
			<marc:subfield code="a">Clouet, François, 500, Francis II, King of France (1544-1560) (drawing)</marc:subfield>
			<marc:subfield code="g">1</marc:subfield>
			<marc:subfield code="j">0</marc:subfield>
			<marc:subfield code="l">fpw  </marc:subfield>
			<marc:subfield code="n">Item generated from STAR migration load. 4/11 lilyp</marc:subfield>
			<marc:subfield code="o">x</marc:subfield>
			<marc:subfield code="p">$0.00</marc:subfield>
			<marc:subfield code="q">-</marc:subfield>
			<marc:subfield code="r">-</marc:subfield>
			<marc:subfield code="s">-</marc:subfield>
			<marc:subfield code="t">10</marc:subfield>
			<marc:subfield code="u">0</marc:subfield>
			<marc:subfield code="v">0</marc:subfield>
			<marc:subfield code="w">0</marc:subfield>
			<marc:subfield code="x">0</marc:subfield>
			<marc:subfield code="y">.i2032960x</marc:subfield>
			<marc:subfield code="z">110501</marc:subfield>
		</marc:datafield>
	</marc:record>