
	<marc:record>
		<marc:leader>03070nkcaa2200673 a 4500</marc:leader>
		<marc:controlfield tag="001">.b10200174</marc:controlfield>
		<marc:controlfield tag="005">20110428200713.0</marc:controlfield>
		<marc:controlfield tag="006">knnn |||||||||||cn</marc:controlfield>
		<marc:controlfield tag="007">kh mom</marc:controlfield>
		<marc:controlfield tag="008">110428k18781878xx nnn |||||| ||||cneng|d</marc:controlfield>
		<marc:datafield tag="100" ind1="1" ind2=" ">
			<marc:subfield code="a">Fantin-Latour, Henri,</marc:subfield>
			<marc:subfield code="d">1836-1904.</marc:subfield>
		</marc:datafield>
		<marc:datafield tag="245" ind1="1" ind2="0">
			<marc:subfield code="a">Peonies and Snowballs.</marc:subfield>
		</marc:datafield>
		<marc:datafield tag="246" ind1="3" ind2="3">
			<marc:subfield code="a">Pivoines blanches dans un vase </marc:subfield>
		</marc:datafield>
		<marc:datafield tag="246" ind1="3" ind2="3">
			<marc:subfield code="a">Peonies and Guelder Roses </marc:subfield>
		</marc:datafield>
		<marc:datafield tag="260" ind1=" " ind2=" ">
			<marc:subfield code="c">1878.</marc:subfield>
		</marc:datafield>
		<marc:datafield tag="300" ind1="1" ind2=" ">
			<marc:subfield code="e">Graphic reproduction(s) with documentation of a</marc:subfield>
			<marc:subfield code="a">painting.</marc:subfield>
		</marc:datafield>
		<marc:datafield tag="340" ind1=" " ind2=" ">
			<marc:subfield code="b">17 1/2 x 14 in.</marc:subfield>
		</marc:datafield>
		<marc:datafield tag="340" ind1=" " ind2=" ">
			<marc:subfield code="b">44.5 x 36 cm.</marc:subfield>
		</marc:datafield>
		<marc:datafield tag="340" ind1=" " ind2=" ">
			<marc:subfield code="c">oil on canvas.</marc:subfield>
		</marc:datafield>
		<marc:datafield tag="561" ind1=" " ind2=" ">
			<marc:subfield code="a">(f) Alexander Reid, Glasgow;</marc:subfield>
		</marc:datafield>
		<marc:datafield tag="561" ind1=" " ind2=" ">
			<marc:subfield code="a">(f) Sale, Paris, Alexander Reid Collection, lot 28 (as &quot;Pivoines blanches dans un vase&quot;) (200 francs);</marc:subfield>
		</marc:datafield>
		<marc:datafield tag="561" ind1=" " ind2=" ">
			<marc:subfield code="a">(f) Mrs. Edwin Edwards, Paris;</marc:subfield>
		</marc:datafield>
		<marc:datafield tag="561" ind1=" " ind2=" ">
			<marc:subfield code="a">(f) E.J. Van Wisselingh, Amsterdam, by 1928;</marc:subfield>
		</marc:datafield>
		<marc:datafield tag="561" ind1=" " ind2=" ">
			<marc:subfield code="a">(f) Wildenstein, New York and/or Knoedler &amp; Co., New York;</marc:subfield>
		</marc:datafield>
		<marc:datafield tag="561" ind1=" " ind2=" ">
			<marc:subfield code="a">(f) Mrs. Pamela Woolworth Combemale, New York;</marc:subfield>
		</marc:datafield>
		<marc:datafield tag="561" ind1=" " ind2=" ">
			<marc:subfield code="a">(f) Sale, London, Mrs. Atkinson and Other Collections, 1964, lot 38 (13,000 gns. ($38,220), to Arthur Tooth and Son);</marc:subfield>
		</marc:datafield>
		<marc:datafield tag="561" ind1=" " ind2=" ">
			<marc:subfield code="a">(f) Arthur Tooth and Son Ltd., London;</marc:subfield>
		</marc:datafield>
		<marc:datafield tag="561" ind1=" " ind2=" ">
			<marc:subfield code="a">(f) Frost and Reed, London;</marc:subfield>
		</marc:datafield>
		<marc:datafield tag="561" ind1=" " ind2=" ">
			<marc:subfield code="a">(f) William Kennedy, dealer, New York, by 1974.</marc:subfield>
		</marc:datafield>
		<marc:datafield tag="590" ind1="1" ind2=" ">
			<marc:subfield code="g">unlocated.</marc:subfield>
		</marc:datafield>
		<marc:datafield tag="590" ind1="6" ind2=" ">
			<marc:subfield code="a">(f) Alternatively titled Peonies and Guelder Roses.</marc:subfield>
		</marc:datafield>
		<marc:datafield tag="590" ind1="9" ind2=" ">
			<marc:subfield code="a">Photograph,</marc:subfield>
			<marc:subfield code="b">Nathan Rabin Fine Art Photography</marc:subfield>
			<marc:subfield code="c">17758</marc:subfield>
			<marc:subfield code="j">Gift</marc:subfield>
			<marc:subfield code="k">William Kennedy</marc:subfield>
			<marc:subfield code="l">2/13/1974</marc:subfield>
			<marc:subfield code="n">m</marc:subfield>
		</marc:datafield>
		<marc:datafield tag="590" ind1="9" ind2=" ">
			<marc:subfield code="a">Photograph,</marc:subfield>
			<marc:subfield code="b">unidentified photographic source</marc:subfield>
			<marc:subfield code="j">Gift</marc:subfield>
			<marc:subfield code="k">Kraushaar Galleries, Inc., New York</marc:subfield>
			<marc:subfield code="l">7/10/1996</marc:subfield>
			<marc:subfield code="n">2</marc:subfield>
		</marc:datafield>
		<marc:datafield tag="590" ind1="9" ind2=" ">
			<marc:subfield code="a">Greeting card,</marc:subfield>
			<marc:subfield code="k">Frost and Reed Limited and Christopher Wade Galleries, London  </marc:subfield>
			<marc:subfield code="m">(color)</marc:subfield>
			<marc:subfield code="n">m</marc:subfield>
		</marc:datafield>
		<marc:datafield tag="590" ind1="9" ind2=" ">
			<marc:subfield code="a">Publication,</marc:subfield>
			<marc:subfield code="k">Christie's Review of the Year (October 1964-July 1965): 80  </marc:subfield>
			<marc:subfield code="n">1</marc:subfield>
		</marc:datafield>
		<marc:datafield tag="562" ind1=" " ind2=" ">
			<marc:subfield code="a">Signed and dated upper right corner: Fantin.78.</marc:subfield>
		</marc:datafield>
		<marc:datafield tag="556" ind1=" " ind2=" ">
			<marc:subfield code="a">(f) Information from Frick Art Reference Library Photoarchive.</marc:subfield>
		</marc:datafield>
		<marc:datafield tag="600" ind1="1" ind2="0">
			<marc:subfield code="a">Fantin-Latour, Henri,</marc:subfield>
			<marc:subfield code="d">1836-1904.</marc:subfield>
		</marc:datafield>
		<marc:datafield tag="650" ind1=" " ind2="0">
			<marc:subfield code="a">Art, French.</marc:subfield>
		</marc:datafield>
		<marc:datafield tag="650" ind1=" " ind2="7">
			<marc:subfield code="a">Still life: Flowers and fruit.</marc:subfield>
			<marc:subfield code="2">local.</marc:subfield>
		</marc:datafield>
		<marc:datafield tag="655" ind1=" " ind2="7">
			<marc:subfield code="a">French School.</marc:subfield>
			<marc:subfield code="2">local.</marc:subfield>
		</marc:datafield>
		<marc:datafield tag="655" ind1=" " ind2="7">
			<marc:subfield code="a">Paintings (visual works)</marc:subfield>
			<marc:subfield code="2">aat</marc:subfield>
			<marc:subfield code="0">http://vocab.getty.edu/aat/300033618</marc:subfield>
		</marc:datafield>
		<marc:datafield tag="655" ind1=" " ind2="7">
			<marc:subfield code="a">Reproductions.</marc:subfield>
			<marc:subfield code="2">aat</marc:subfield>
			<marc:subfield code="0">http://vocab.getty.edu/aat/300015643</marc:subfield>
		</marc:datafield>
		<marc:datafield tag="710" ind1="2" ind2=" ">
			<marc:subfield code="a">Frick Art Reference Library.</marc:subfield>
		</marc:datafield>
		<marc:datafield tag="792" ind1="1" ind2=" ">
			<marc:subfield code="a">Fantin-Latour, Ignace Henri Jean Théodore,</marc:subfield>
			<marc:subfield code="d">1836-1904.</marc:subfield>
		</marc:datafield>
		<marc:datafield tag="852" ind1="8" ind2=" ">
			<marc:subfield code="a">NNFr</marc:subfield>
			<marc:subfield code="h">Fantin-Latour, Ignace Henri Jean Théodore 516-2c2</marc:subfield>
		</marc:datafield>
		<marc:datafield tag="910" ind1=" " ind2=" ">
			<marc:subfield code="a">.b10200174</marc:subfield>
		</marc:datafield>
		<marc:datafield tag="902" ind1=" " ind2=" ">
			<marc:subfield code="a">170302</marc:subfield>
			<marc:subfield code="d">110501</marc:subfield>
		</marc:datafield>
		<marc:datafield tag="996" ind1=" " ind2=" ">
			<marc:subfield code="b">1</marc:subfield>
			<marc:subfield code="c">110501</marc:subfield>
			<marc:subfield code="d">d</marc:subfield>
			<marc:subfield code="e">k</marc:subfield>
			<marc:subfield code="f">-</marc:subfield>
			<marc:subfield code="g">0</marc:subfield>
			<marc:subfield code="l">fpw</marc:subfield>
		</marc:datafield>
		<marc:datafield tag="935" ind1=" " ind2=" ">
			<marc:subfield code="a">STAR67427</marc:subfield>
			<marc:subfield code="b">WID67427</marc:subfield>
		</marc:datafield>
		<marc:datafield tag="948" ind1=" " ind2=" ">
			<marc:subfield code="a">LTI 07/20/2012</marc:subfield>
		</marc:datafield>
		<marc:datafield tag="949" ind1=" " ind2=" ">
			<marc:subfield code="r">x</marc:subfield>
			<marc:subfield code="q">4</marc:subfield>
		</marc:datafield>
		<marc:datafield tag="980" ind1="2" ind2=" ">
			<marc:subfield code="a">add b/w photo as detail 2</marc:subfield>
		</marc:datafield>
		<marc:datafield tag="980" ind1="2" ind2=" ">
			<marc:subfield code="a">CIDOC-CRM mapping example</marc:subfield>
		</marc:datafield>
		<marc:datafield tag="980" ind1="4" ind2=" ">
			<marc:subfield code="a">FARL Mounts File</marc:subfield>
		</marc:datafield>
		<marc:datafield tag="980" ind1="5" ind2=" ">
			<marc:subfield code="a">STAR record stamp</marc:subfield>
			<marc:subfield code="b">ruby1</marc:subfield>
			<marc:subfield code="c">2005 11 28</marc:subfield>
			<marc:subfield code="d">ruby1</marc:subfield>
			<marc:subfield code="e">2006 05 24</marc:subfield>
		</marc:datafield>
		<marc:datafield tag="983" ind1=" " ind2=" ">
			<marc:subfield code="a">4</marc:subfield>
			<marc:subfield code="b">reproduction(s).</marc:subfield>
		</marc:datafield>
		<marc:datafield tag="902" ind1=" " ind2=" ">
			<marc:subfield code="d">110501</marc:subfield>
		</marc:datafield>
		<marc:datafield tag="945" ind1=" " ind2=" ">
			<marc:subfield code="a">Fantin-Latour, Ignace Henri Jean Théodore 516-2c2</marc:subfield>
			<marc:subfield code="g">1</marc:subfield>
			<marc:subfield code="j">0</marc:subfield>
			<marc:subfield code="l">fpw  </marc:subfield>
			<marc:subfield code="n">Item generated from STAR migration load. 4/11 lilyp</marc:subfield>
			<marc:subfield code="o">x</marc:subfield>
			<marc:subfield code="p">$0.00</marc:subfield>
			<marc:subfield code="q">-</marc:subfield>
			<marc:subfield code="r">-</marc:subfield>
			<marc:subfield code="s">-</marc:subfield>
			<marc:subfield code="t">10</marc:subfield>
			<marc:subfield code="u">0</marc:subfield>
			<marc:subfield code="v">0</marc:subfield>
			<marc:subfield code="w">0</marc:subfield>
			<marc:subfield code="x">0</marc:subfield>
			<marc:subfield code="y">.i20351586</marc:subfield>
			<marc:subfield code="z">110501</marc:subfield>
		</marc:datafield>
	</marc:record>