
	<marc:record>
		<marc:leader>06378nkcaa2200757 a 4500</marc:leader>
		<marc:controlfield tag="001">.b10394084</marc:controlfield>
		<marc:controlfield tag="005">20110428200557.0</marc:controlfield>
		<marc:controlfield tag="006">knnn |||||||||||cn</marc:controlfield>
		<marc:controlfield tag="007">kh mom</marc:controlfield>
		<marc:controlfield tag="008">110428k16731741xx nnn |||||| ||||cneng|d</marc:controlfield>
		<marc:datafield tag="100" ind1="1" ind2=" ">
			<marc:subfield code="a">Mazza, Giuseppe,</marc:subfield>
			<marc:subfield code="d">1653-1741,</marc:subfield>
			<marc:subfield code="e">contributor.</marc:subfield>
		</marc:datafield>
		<marc:datafield tag="245" ind1="1" ind2="0">
			<marc:subfield code="a">Cappella di San Domenico: Scenes from the Life of San Domenico.</marc:subfield>
		</marc:datafield>
		<marc:datafield tag="300" ind1="1" ind2=" ">
			<marc:subfield code="e">Graphic reproduction(s) with documentation of a</marc:subfield>
			<marc:subfield code="a">sculpture.</marc:subfield>
		</marc:datafield>
		<marc:datafield tag="340" ind1=" " ind2=" ">
			<marc:subfield code="c">bronze.</marc:subfield>
		</marc:datafield>
		<marc:datafield tag="561" ind1=" " ind2=" ">
			<marc:subfield code="a">SS. Giovanni e Paolo, Venice.</marc:subfield>
		</marc:datafield>
		<marc:datafield tag="590" ind1="1" ind2=" ">
			<marc:subfield code="a">SS. Giovanni e Paolo,</marc:subfield>
			<marc:subfield code="b">Venice,</marc:subfield>
			<marc:subfield code="d">Italy,</marc:subfield>
			<marc:subfield code="g">public.</marc:subfield>
		</marc:datafield>
		<marc:datafield tag="590" ind1="5" ind2=" ">
			<marc:subfield code="a">By Giuseppe Mazza, Francesco Marcolini and Giovanni Battista Alberghetti.</marc:subfield>
		</marc:datafield>
		<marc:datafield tag="590" ind1="9" ind2=" ">
			<marc:subfield code="a">Photograph,</marc:subfield>
			<marc:subfield code="b">Ralph Lieberman, Williamstown</marc:subfield>
			<marc:subfield code="c">VE.GioPaolo 45.109</marc:subfield>
			<marc:subfield code="j">Purchase</marc:subfield>
			<marc:subfield code="k">Ralph Lieberman</marc:subfield>
			<marc:subfield code="l">January 14, 2005</marc:subfield>
			<marc:subfield code="m">(view from chapel entrance; architect Andrea Tirali; ceiling Francesco Bernardoni).</marc:subfield>
			<marc:subfield code="n">m</marc:subfield>
		</marc:datafield>
		<marc:datafield tag="590" ind1="9" ind2=" ">
			<marc:subfield code="a">Photograph,</marc:subfield>
			<marc:subfield code="b">Ralph Lieberman, Williamstown</marc:subfield>
			<marc:subfield code="c">VE.GioPaolo 45.110</marc:subfield>
			<marc:subfield code="j">Purchase</marc:subfield>
			<marc:subfield code="k">Ralph Lieberman</marc:subfield>
			<marc:subfield code="l">January 14, 2005</marc:subfield>
			<marc:subfield code="m">(chapel interior, west wall, three reliefs).</marc:subfield>
			<marc:subfield code="n">m</marc:subfield>
		</marc:datafield>
		<marc:datafield tag="590" ind1="9" ind2=" ">
			<marc:subfield code="a">Photograph,</marc:subfield>
			<marc:subfield code="b">Ralph Lieberman, Williamstown</marc:subfield>
			<marc:subfield code="c">VE.GioPaolo 45.37</marc:subfield>
			<marc:subfield code="j">Purchase,</marc:subfield>
			<marc:subfield code="k">Ralph Lieberman</marc:subfield>
			<marc:subfield code="l">March 5, 2003</marc:subfield>
			<marc:subfield code="m">(chapel interior, west wall, three reliefs). </marc:subfield>
			<marc:subfield code="n">m</marc:subfield>
		</marc:datafield>
		<marc:datafield tag="590" ind1="9" ind2=" ">
			<marc:subfield code="a">Photograph,</marc:subfield>
			<marc:subfield code="b">Ralph Lieberman, Williamstown</marc:subfield>
			<marc:subfield code="c">VE.GioPaolo 45.38</marc:subfield>
			<marc:subfield code="j">Purchase,</marc:subfield>
			<marc:subfield code="k">Ralph Lieberman</marc:subfield>
			<marc:subfield code="l">March 5, 2003</marc:subfield>
			<marc:subfield code="m">(chapel interior, west wall, left relief).</marc:subfield>
			<marc:subfield code="n">m</marc:subfield>
		</marc:datafield>
		<marc:datafield tag="590" ind1="9" ind2=" ">
			<marc:subfield code="a">Photograph,</marc:subfield>
			<marc:subfield code="b">Ralph Lieberman, Williamstown</marc:subfield>
			<marc:subfield code="c">VE.GioPaolo 45.112</marc:subfield>
			<marc:subfield code="j">Purchase</marc:subfield>
			<marc:subfield code="k">Ralph Lieberman</marc:subfield>
			<marc:subfield code="l">January 14, 2005</marc:subfield>
			<marc:subfield code="m">(chapel interior, west wall, left relief).</marc:subfield>
			<marc:subfield code="n">m</marc:subfield>
		</marc:datafield>
		<marc:datafield tag="590" ind1="9" ind2=" ">
			<marc:subfield code="a">Photograph,</marc:subfield>
			<marc:subfield code="b">Ralph Lieberman, Williamstown</marc:subfield>
			<marc:subfield code="c">VE.GioPaolo 45.113</marc:subfield>
			<marc:subfield code="j">Purchase</marc:subfield>
			<marc:subfield code="k">Ralph Lieberman</marc:subfield>
			<marc:subfield code="l">January 14, 2005</marc:subfield>
			<marc:subfield code="m">(chapel interior, west wall, left relief, lower portion).</marc:subfield>
			<marc:subfield code="n">m</marc:subfield>
		</marc:datafield>
		<marc:datafield tag="590" ind1="9" ind2=" ">
			<marc:subfield code="a">Photograph,</marc:subfield>
			<marc:subfield code="b">Ralph Lieberman, Williamstown</marc:subfield>
			<marc:subfield code="c">VE.GioPaolo 45.39</marc:subfield>
			<marc:subfield code="j">Purchase,</marc:subfield>
			<marc:subfield code="k">Ralph Lieberman</marc:subfield>
			<marc:subfield code="l">March 5, 2003</marc:subfield>
			<marc:subfield code="m">(chapel interior, west wall, center relief).</marc:subfield>
			<marc:subfield code="n">m</marc:subfield>
		</marc:datafield>
		<marc:datafield tag="590" ind1="9" ind2=" ">
			<marc:subfield code="a">Photograph,</marc:subfield>
			<marc:subfield code="b">Ralph Lieberman, Williamstown</marc:subfield>
			<marc:subfield code="c">VE.GioPaolo 45.114</marc:subfield>
			<marc:subfield code="j">Purchase</marc:subfield>
			<marc:subfield code="k">Ralph Lieberman</marc:subfield>
			<marc:subfield code="l">January 14, 2005</marc:subfield>
			<marc:subfield code="m">(chapel interior, west wall, center relief).</marc:subfield>
			<marc:subfield code="n">m</marc:subfield>
		</marc:datafield>
		<marc:datafield tag="590" ind1="9" ind2=" ">
			<marc:subfield code="a">Photograph,</marc:subfield>
			<marc:subfield code="b">Ralph Lieberman, Williamstown</marc:subfield>
			<marc:subfield code="c">VE.GioPaolo 45.115</marc:subfield>
			<marc:subfield code="j">Purchase</marc:subfield>
			<marc:subfield code="k">Ralph Lieberman</marc:subfield>
			<marc:subfield code="l">January 14, 2005</marc:subfield>
			<marc:subfield code="m">(chapel interior, west wall, center relief, lower portion).</marc:subfield>
			<marc:subfield code="n">m</marc:subfield>
		</marc:datafield>
		<marc:datafield tag="590" ind1="9" ind2=" ">
			<marc:subfield code="a">Photograph,</marc:subfield>
			<marc:subfield code="b">Ralph Lieberman, Williamstown</marc:subfield>
			<marc:subfield code="c">VE.GioPaolo 45.116</marc:subfield>
			<marc:subfield code="j">Purchase</marc:subfield>
			<marc:subfield code="k">Ralph Lieberman</marc:subfield>
			<marc:subfield code="l">January 14, 2005</marc:subfield>
			<marc:subfield code="m">(chapel interior, west wall, center relief, lower portion).</marc:subfield>
			<marc:subfield code="n">m</marc:subfield>
		</marc:datafield>
		<marc:datafield tag="590" ind1="9" ind2=" ">
			<marc:subfield code="a">Photograph,</marc:subfield>
			<marc:subfield code="b">Ralph Lieberman, Williamstown</marc:subfield>
			<marc:subfield code="c">VE.GioPaolo 45.117</marc:subfield>
			<marc:subfield code="j">Purchase</marc:subfield>
			<marc:subfield code="k">Ralph Lieberman</marc:subfield>
			<marc:subfield code="l">January 14, 2005</marc:subfield>
			<marc:subfield code="m">(chapel interior, west wall, center relief, lower left portion).</marc:subfield>
			<marc:subfield code="n">m</marc:subfield>
		</marc:datafield>
		<marc:datafield tag="590" ind1="9" ind2=" ">
			<marc:subfield code="a">Photograph,</marc:subfield>
			<marc:subfield code="b">Ralph Lieberman, Williamstown</marc:subfield>
			<marc:subfield code="c">VE.GioPaolo 45.118</marc:subfield>
			<marc:subfield code="j">Purchase</marc:subfield>
			<marc:subfield code="k">Ralph Lieberman</marc:subfield>
			<marc:subfield code="l">January 14, 2005</marc:subfield>
			<marc:subfield code="m">(chapel interior, west wall, center relief, lower right portion).</marc:subfield>
			<marc:subfield code="n">m</marc:subfield>
		</marc:datafield>
		<marc:datafield tag="590" ind1="9" ind2=" ">
			<marc:subfield code="a">Photograph,</marc:subfield>
			<marc:subfield code="b">Ralph Lieberman, Williamstown</marc:subfield>
			<marc:subfield code="c">VE.GioPaolo 45.40</marc:subfield>
			<marc:subfield code="j">Purchase,</marc:subfield>
			<marc:subfield code="k">Ralph Lieberman</marc:subfield>
			<marc:subfield code="l">March 5, 2003</marc:subfield>
			<marc:subfield code="m">(chapel interior, west wall, right relief).</marc:subfield>
			<marc:subfield code="n">m</marc:subfield>
		</marc:datafield>
		<marc:datafield tag="590" ind1="9" ind2=" ">
			<marc:subfield code="a">Photograph,</marc:subfield>
			<marc:subfield code="b">Ralph Lieberman, Williamstown</marc:subfield>
			<marc:subfield code="c">VE.GioPaolo 45.119</marc:subfield>
			<marc:subfield code="j">Purchase</marc:subfield>
			<marc:subfield code="k">Ralph Lieberman</marc:subfield>
			<marc:subfield code="l">January 14, 2005</marc:subfield>
			<marc:subfield code="m">(chapel interior west, wall, right relief).</marc:subfield>
			<marc:subfield code="n">m</marc:subfield>
		</marc:datafield>
		<marc:datafield tag="590" ind1="9" ind2=" ">
			<marc:subfield code="a">Photograph,</marc:subfield>
			<marc:subfield code="b">Ralph Lieberman, Williamstown</marc:subfield>
			<marc:subfield code="c">VE.GioPaolo 45.120</marc:subfield>
			<marc:subfield code="j">Purchase</marc:subfield>
			<marc:subfield code="k">Ralph Lieberman</marc:subfield>
			<marc:subfield code="l">January 14, 2005</marc:subfield>
			<marc:subfield code="m">(chapel interior west, wall, right relief, lower portion).</marc:subfield>
			<marc:subfield code="n">m</marc:subfield>
		</marc:datafield>
		<marc:datafield tag="590" ind1="9" ind2=" ">
			<marc:subfield code="a">Photograph,</marc:subfield>
			<marc:subfield code="b">Ralph Lieberman, Williamstown</marc:subfield>
			<marc:subfield code="c">VE.GioPaolo 45.122</marc:subfield>
			<marc:subfield code="j">Purchase</marc:subfield>
			<marc:subfield code="k">Ralph Lieberman</marc:subfield>
			<marc:subfield code="l">January 14, 2005</marc:subfield>
			<marc:subfield code="m">(chapel interior, east wall, three reliefs).</marc:subfield>
			<marc:subfield code="n">m</marc:subfield>
		</marc:datafield>
		<marc:datafield tag="590" ind1="9" ind2=" ">
			<marc:subfield code="a">Photograph,</marc:subfield>
			<marc:subfield code="b">Ralph Lieberman, Williamstown</marc:subfield>
			<marc:subfield code="c">VE.GioPaolo 45.123</marc:subfield>
			<marc:subfield code="j">Purchase</marc:subfield>
			<marc:subfield code="k">Ralph Lieberman</marc:subfield>
			<marc:subfield code="l">January 14, 2005</marc:subfield>
			<marc:subfield code="m">(chapel interior, east wall, left relief).</marc:subfield>
		</marc:datafield>
		<marc:datafield tag="590" ind1="9" ind2=" ">
			<marc:subfield code="a">Photograph,</marc:subfield>
			<marc:subfield code="b">Ralph Lieberman, Williamstown</marc:subfield>
			<marc:subfield code="c">VE.GioPaolo 45.124</marc:subfield>
			<marc:subfield code="j">Purchase</marc:subfield>
			<marc:subfield code="k">Ralph Lieberman</marc:subfield>
			<marc:subfield code="l">January 14, 2005</marc:subfield>
			<marc:subfield code="m">(chapel interior, east wall, left relief, lower portion).</marc:subfield>
			<marc:subfield code="n">m</marc:subfield>
		</marc:datafield>
		<marc:datafield tag="590" ind1="9" ind2=" ">
			<marc:subfield code="a">Photograph,</marc:subfield>
			<marc:subfield code="b">Ralph Lieberman, Williamstown</marc:subfield>
			<marc:subfield code="c">VE.GioPaolo 45.43</marc:subfield>
			<marc:subfield code="j">Purchase,</marc:subfield>
			<marc:subfield code="k">Ralph Lieberman</marc:subfield>
			<marc:subfield code="l">March 5, 2003</marc:subfield>
			<marc:subfield code="m">(chapel interior, east wall, center relief).</marc:subfield>
			<marc:subfield code="n">m</marc:subfield>
		</marc:datafield>
		<marc:datafield tag="590" ind1="9" ind2=" ">
			<marc:subfield code="a">Photograph,</marc:subfield>
			<marc:subfield code="b">Ralph Lieberman, Williamstown</marc:subfield>
			<marc:subfield code="c">VE.GioPaolo 45.125</marc:subfield>
			<marc:subfield code="j">Purchase</marc:subfield>
			<marc:subfield code="k">Ralph Lieberman</marc:subfield>
			<marc:subfield code="l">January 14, 2005</marc:subfield>
			<marc:subfield code="m">(chapel interior, east wall, center relief).</marc:subfield>
			<marc:subfield code="n">m</marc:subfield>
		</marc:datafield>
		<marc:datafield tag="590" ind1="9" ind2=" ">
			<marc:subfield code="a">Photograph,</marc:subfield>
			<marc:subfield code="b">Ralph Lieberman, Williamstown</marc:subfield>
			<marc:subfield code="c">VE.GioPaolo 45.41</marc:subfield>
			<marc:subfield code="j">Purchase</marc:subfield>
			<marc:subfield code="k">Ralph Lieberman</marc:subfield>
			<marc:subfield code="l">January 14, 2005</marc:subfield>
			<marc:subfield code="m">(chapel interior, east wall, right relief).</marc:subfield>
			<marc:subfield code="n">m</marc:subfield>
		</marc:datafield>
		<marc:datafield tag="590" ind1="9" ind2=" ">
			<marc:subfield code="a">Photograph,</marc:subfield>
			<marc:subfield code="b">Ralph Lieberman, Williamstown</marc:subfield>
			<marc:subfield code="c">VE.GioPaolo 45.126</marc:subfield>
			<marc:subfield code="j">Purchase</marc:subfield>
			<marc:subfield code="k">Ralph Lieberman</marc:subfield>
			<marc:subfield code="l">January 14, 2005</marc:subfield>
			<marc:subfield code="m">(chapel interior, east wall, right relief).</marc:subfield>
			<marc:subfield code="n">m</marc:subfield>
		</marc:datafield>
		<marc:datafield tag="590" ind1="9" ind2=" ">
			<marc:subfield code="a">Photograph,</marc:subfield>
			<marc:subfield code="b">Ralph Lieberman, Williamstown</marc:subfield>
			<marc:subfield code="c">VE.GioPaolo 45.127</marc:subfield>
			<marc:subfield code="j">Purchase</marc:subfield>
			<marc:subfield code="k">Ralph Lieberman</marc:subfield>
			<marc:subfield code="l">January 14, 2005</marc:subfield>
			<marc:subfield code="m">(chapel interior, east wall, right relief, lower portion).</marc:subfield>
			<marc:subfield code="n">m</marc:subfield>
		</marc:datafield>
		<marc:datafield tag="600" ind1="1" ind2="0">
			<marc:subfield code="a">Mazza, Giuseppe,</marc:subfield>
			<marc:subfield code="d">1653-1741.</marc:subfield>
		</marc:datafield>
		<marc:datafield tag="600" ind1="1" ind2="0">
			<marc:subfield code="a">Marcolini, Francesco,</marc:subfield>
			<marc:subfield code="d">approximately 1500-approximately 1559.</marc:subfield>
		</marc:datafield>
		<marc:datafield tag="600" ind1="1" ind2="0">
			<marc:subfield code="a">Alberghetti, Giovanni Battista,</marc:subfield>
			<marc:subfield code="d">active 16th century.</marc:subfield>
		</marc:datafield>
		<marc:datafield tag="650" ind1=" " ind2="0">
			<marc:subfield code="a">Art, Italian.</marc:subfield>
		</marc:datafield>
		<marc:datafield tag="650" ind1=" " ind2="7">
			<marc:subfield code="a">Sculpture: Saints and angels: Scenes in lives of saints.</marc:subfield>
			<marc:subfield code="2">local.</marc:subfield>
		</marc:datafield>
		<marc:datafield tag="650" ind1=" " ind2="7">
			<marc:subfield code="a">Saints-Dominic.</marc:subfield>
			<marc:subfield code="2">local.</marc:subfield>
		</marc:datafield>
		<marc:datafield tag="655" ind1=" " ind2="7">
			<marc:subfield code="a">Italian School.</marc:subfield>
			<marc:subfield code="2">local.</marc:subfield>
		</marc:datafield>
		<marc:datafield tag="655" ind1=" " ind2="7">
			<marc:subfield code="a">Reproductions.</marc:subfield>
			<marc:subfield code="2">aat</marc:subfield>
			<marc:subfield code="0">http://vocab.getty.edu/aat/300015643</marc:subfield>
		</marc:datafield>
		<marc:datafield tag="655" ind1=" " ind2="7">
			<marc:subfield code="a">Sculpture (visual work)</marc:subfield>
			<marc:subfield code="2">aat</marc:subfield>
			<marc:subfield code="0">http://vocab.getty.edu/aat/300047090</marc:subfield>
		</marc:datafield>
		<marc:datafield tag="700" ind1="1" ind2=" ">
			<marc:subfield code="a">Marcolini, Francesco,</marc:subfield>
			<marc:subfield code="d">approximately 1500-approximately 1559,</marc:subfield>
			<marc:subfield code="e">contributor.</marc:subfield>
		</marc:datafield>
		<marc:datafield tag="700" ind1="1" ind2=" ">
			<marc:subfield code="a">Alberghetti, Giovanni Battista,</marc:subfield>
			<marc:subfield code="d">active 16th century,</marc:subfield>
			<marc:subfield code="e">contributor.</marc:subfield>
		</marc:datafield>
		<marc:datafield tag="710" ind1="2" ind2=" ">
			<marc:subfield code="a">San Giovanni e Paolo (Church : Venice, Italy)</marc:subfield>
		</marc:datafield>
		<marc:datafield tag="710" ind1="2" ind2=" ">
			<marc:subfield code="a">Frick Art Reference Library.</marc:subfield>
		</marc:datafield>
		<marc:datafield tag="792" ind1="1" ind2=" ">
			<marc:subfield code="a">Mazza, Giuseppe 1653-1741,</marc:subfield>
			<marc:subfield code="d">1653-1741,</marc:subfield>
			<marc:subfield code="e">collaborator.</marc:subfield>
		</marc:datafield>
		<marc:datafield tag="852" ind1="8" ind2=" ">
			<marc:subfield code="a">NNFr</marc:subfield>
			<marc:subfield code="h">Mazza, Giuseppe 1653-1741, 700, Cappella di San Domenico: Scenes from the Life of San Domenico (sculpture)</marc:subfield>
		</marc:datafield>
		<marc:datafield tag="910" ind1=" " ind2=" ">
			<marc:subfield code="a">.b10394084</marc:subfield>
		</marc:datafield>
		<marc:datafield tag="902" ind1=" " ind2=" ">
			<marc:subfield code="a">170302</marc:subfield>
			<marc:subfield code="d">110502</marc:subfield>
		</marc:datafield>
		<marc:datafield tag="996" ind1=" " ind2=" ">
			<marc:subfield code="b">1</marc:subfield>
			<marc:subfield code="c">110502</marc:subfield>
			<marc:subfield code="d">d</marc:subfield>
			<marc:subfield code="e">k</marc:subfield>
			<marc:subfield code="f">-</marc:subfield>
			<marc:subfield code="g">0</marc:subfield>
			<marc:subfield code="l">fpw</marc:subfield>
		</marc:datafield>
		<marc:datafield tag="935" ind1=" " ind2=" ">
			<marc:subfield code="a">STAR48139</marc:subfield>
			<marc:subfield code="b">WID48139</marc:subfield>
		</marc:datafield>
		<marc:datafield tag="948" ind1=" " ind2=" ">
			<marc:subfield code="a">LTI 07/20/2012</marc:subfield>
		</marc:datafield>
		<marc:datafield tag="980" ind1="2" ind2=" ">
			<marc:subfield code="a">CIDOC-CRM mapping example</marc:subfield>
		</marc:datafield>
		<marc:datafield tag="980" ind1="4" ind2=" ">
			<marc:subfield code="a">FARL Mounts File</marc:subfield>
		</marc:datafield>
		<marc:datafield tag="980" ind1="5" ind2=" ">
			<marc:subfield code="a">STAR record stamp</marc:subfield>
			<marc:subfield code="b">ANGELA</marc:subfield>
			<marc:subfield code="c">2003 05 27</marc:subfield>
			<marc:subfield code="d">ruby1</marc:subfield>
			<marc:subfield code="e">2010 12 01</marc:subfield>
		</marc:datafield>
		<marc:datafield tag="983" ind1=" " ind2=" ">
			<marc:subfield code="a">23</marc:subfield>
			<marc:subfield code="b">reproduction(s).</marc:subfield>
		</marc:datafield>
		<marc:datafield tag="902" ind1=" " ind2=" ">
			<marc:subfield code="d">110502</marc:subfield>
		</marc:datafield>
		<marc:datafield tag="945" ind1=" " ind2=" ">
			<marc:subfield code="a">Mazza, Giuseppe 1653-1741, 700, Cappella di San Domenico: Scenes from the Life of San Domenico (sculpture)</marc:subfield>
			<marc:subfield code="g">1</marc:subfield>
			<marc:subfield code="j">0</marc:subfield>
			<marc:subfield code="l">fpw  </marc:subfield>
			<marc:subfield code="n">Item generated from STAR migration load. 4/11 lilyp</marc:subfield>
			<marc:subfield code="o">x</marc:subfield>
			<marc:subfield code="p">$0.00</marc:subfield>
			<marc:subfield code="q">-</marc:subfield>
			<marc:subfield code="r">-</marc:subfield>
			<marc:subfield code="s">-</marc:subfield>
			<marc:subfield code="t">10</marc:subfield>
			<marc:subfield code="u">0</marc:subfield>
			<marc:subfield code="v">0</marc:subfield>
			<marc:subfield code="w">0</marc:subfield>
			<marc:subfield code="x">0</marc:subfield>
			<marc:subfield code="y">.i2054845x</marc:subfield>
			<marc:subfield code="z">110502</marc:subfield>
		</marc:datafield>
	</marc:record>