
	<marc:record>
		<marc:leader>05801nkcaa2201033 a 4500</marc:leader>
		<marc:controlfield tag="001">.b10719817</marc:controlfield>
		<marc:controlfield tag="005">20110428200327.0</marc:controlfield>
		<marc:controlfield tag="006">knnn |||||||||||cn</marc:controlfield>
		<marc:controlfield tag="007">kh mom</marc:controlfield>
		<marc:controlfield tag="008">110428k14001499xx nnn |||||| ||||cneng|d</marc:controlfield>
		<marc:datafield tag="100" ind1="0" ind2=" ">
			<marc:subfield code="a">Anonymous,</marc:subfield>
			<marc:subfield code="c">Italian School, Florentine,</marc:subfield>
			<marc:subfield code="d">active 15th century.</marc:subfield>
		</marc:datafield>
		<marc:datafield tag="245" ind1="1" ind2="0">
			<marc:subfield code="a">Virgin and Child.</marc:subfield>
		</marc:datafield>
		<marc:datafield tag="260" ind1=" " ind2=" ">
			<marc:subfield code="c">c. 1460-1470; c.1475.</marc:subfield>
		</marc:datafield>
		<marc:datafield tag="300" ind1="1" ind2=" ">
			<marc:subfield code="e">Graphic reproduction(s) with documentation of a</marc:subfield>
			<marc:subfield code="a">painting.</marc:subfield>
		</marc:datafield>
		<marc:datafield tag="340" ind1=" " ind2=" ">
			<marc:subfield code="b">31 7/8 x 26 1/4 in.</marc:subfield>
		</marc:datafield>
		<marc:datafield tag="340" ind1=" " ind2=" ">
			<marc:subfield code="b">81 x 66.7 cm.</marc:subfield>
		</marc:datafield>
		<marc:datafield tag="340" ind1=" " ind2=" ">
			<marc:subfield code="c">on panel.</marc:subfield>
		</marc:datafield>
		<marc:datafield tag="561" ind1=" " ind2=" ">
			<marc:subfield code="a">(e) Lodovico Capponi;</marc:subfield>
		</marc:datafield>
		<marc:datafield tag="561" ind1=" " ind2=" ">
			<marc:subfield code="a">(c) Carlo del Chiaro;</marc:subfield>
		</marc:datafield>
		<marc:datafield tag="561" ind1=" " ind2=" ">
			<marc:subfield code="a">(c) Prince Demidoff, his famous collection was housed in the Palace of San Donato, Florence. It does not appear in the Prince Demidoff sale catalogue, 1880;</marc:subfield>
		</marc:datafield>
		<marc:datafield tag="561" ind1=" " ind2=" ">
			<marc:subfield code="a">(c) William Graham, from 1886, known to have been owned by 1884 at least;</marc:subfield>
		</marc:datafield>
		<marc:datafield tag="561" ind1=" " ind2=" ">
			<marc:subfield code="a">(c) J.F. Cheetham;</marc:subfield>
		</marc:datafield>
		<marc:datafield tag="561" ind1=" " ind2=" ">
			<marc:subfield code="a">(f) Christie's, 15 June 1923, lot 82, W. Lockett Agnew and Other Collections sale;</marc:subfield>
		</marc:datafield>
		<marc:datafield tag="561" ind1=" " ind2=" ">
			<marc:subfield code="a">(h) Kress Foundation, Houston, Texas;</marc:subfield>
		</marc:datafield>
		<marc:datafield tag="561" ind1=" " ind2=" ">
			<marc:subfield code="a">(g) presented by the Samuel H. Kress Foundation to the Brooks Memorial Art Gallery, Memphis, (i) later renamed the Memphis Brooks Museum of Art.</marc:subfield>
		</marc:datafield>
		<marc:datafield tag="590" ind1="1" ind2=" ">
			<marc:subfield code="a">Memphis Brooks Museum of Art,</marc:subfield>
			<marc:subfield code="b">Memphis,</marc:subfield>
			<marc:subfield code="c">Tennessee,</marc:subfield>
			<marc:subfield code="d">United States,</marc:subfield>
			<marc:subfield code="g">public.</marc:subfield>
		</marc:datafield>
		<marc:datafield tag="590" ind1="3" ind2=" ">
			<marc:subfield code="a">(a) All repainted.</marc:subfield>
		</marc:datafield>
		<marc:datafield tag="590" ind1="5" ind2=" ">
			<marc:subfield code="a">(j) Listed as by Fra Fillippo Lippi; Masaccio; probably Francesco Botticini; (a) Italian School, Florentine - 3rd quarter 15th c. by Richard Offner, 1926, dated to circa 1460 to 1470; (c) Filippo Lippi by A. Scharf. A late work. This Madonna may be a Nostra Donna bellissima mentioned by Vasari as owned by Lodovico Capponi; (f) Masaccio by Christie's, 15 June 1923; (g) Francesco Botticini by Roberto Longhi, 20 March 1950. Written opinion.</marc:subfield>
		</marc:datafield>
		<marc:datafield tag="590" ind1="9" ind2=" ">
			<marc:subfield code="a">Photograph,</marc:subfield>
			<marc:subfield code="b">A.C. Cooper</marc:subfield>
			<marc:subfield code="d">C19591</marc:subfield>
			<marc:subfield code="f">spoiled</marc:subfield>
			<marc:subfield code="k">Frick Art Reference Library, New York (FARL) negative</marc:subfield>
			<marc:subfield code="m">(as Masaccio, from W. Lockett Agnew Sale).</marc:subfield>
			<marc:subfield code="n">m</marc:subfield>
		</marc:datafield>
		<marc:datafield tag="590" ind1="9" ind2=" ">
			<marc:subfield code="a">Publication,</marc:subfield>
			<marc:subfield code="k">Sabin, F. Gems of Painting. 1937  </marc:subfield>
			<marc:subfield code="m">(as Fra Filippo Lipi).</marc:subfield>
			<marc:subfield code="n">1</marc:subfield>
		</marc:datafield>
		<marc:datafield tag="590" ind1="9" ind2=" ">
			<marc:subfield code="a">Publication,</marc:subfield>
			<marc:subfield code="k">Sabin, F. Gems of Painting. 1937  </marc:subfield>
			<marc:subfield code="m">(as Fra Filippo Lipi).</marc:subfield>
			<marc:subfield code="n">2</marc:subfield>
		</marc:datafield>
		<marc:datafield tag="590" ind1="9" ind2=" ">
			<marc:subfield code="a">Digital image,</marc:subfield>
			<marc:subfield code="g">14391.tif</marc:subfield>
			<marc:subfield code="h">photograph</marc:subfield>
			<marc:subfield code="l">March 6, 1999</marc:subfield>
		</marc:datafield>
		<marc:datafield tag="590" ind1="9" ind2=" ">
			<marc:subfield code="a">Digital image,</marc:subfield>
			<marc:subfield code="g">14391a.tif</marc:subfield>
			<marc:subfield code="h">photograph</marc:subfield>
			<marc:subfield code="l">March 6, 1999</marc:subfield>
		</marc:datafield>
		<marc:datafield tag="590" ind1="9" ind2=" ">
			<marc:subfield code="a">Digital image,</marc:subfield>
			<marc:subfield code="g">14391b.tif</marc:subfield>
			<marc:subfield code="h">photograph</marc:subfield>
			<marc:subfield code="l">March 6, 1999</marc:subfield>
		</marc:datafield>
		<marc:datafield tag="590" ind1="9" ind2=" ">
			<marc:subfield code="a">Digital image,</marc:subfield>
			<marc:subfield code="b">A.C. Cooper</marc:subfield>
			<marc:subfield code="g">19591_POST.tif</marc:subfield>
			<marc:subfield code="h">negative</marc:subfield>
			<marc:subfield code="k">Frick Art Reference Library, New York (FARL) negative</marc:subfield>
			<marc:subfield code="m">(as Masaccio, from W. Lockett Agnew Sale).</marc:subfield>
		</marc:datafield>
		<marc:datafield tag="585" ind1=" " ind2=" ">
			<marc:subfield code="a">(b,c,d) Royal Academy, London, England, (b,c) 1884, (d) lent by William Graves.</marc:subfield>
		</marc:datafield>
		<marc:datafield tag="556" ind1=" " ind2=" ">
			<marc:subfield code="a">(a) Verbally, Richard Offner, 1926.</marc:subfield>
		</marc:datafield>
		<marc:datafield tag="556" ind1=" " ind2=" ">
			<marc:subfield code="a">(b) Frick Art Reference Library, November 1937.</marc:subfield>
		</marc:datafield>
		<marc:datafield tag="556" ind1=" " ind2=" ">
			<marc:subfield code="a">(c) Sidney F. Sabin, Gems of Painting, 1937.</marc:subfield>
		</marc:datafield>
		<marc:datafield tag="556" ind1=" " ind2=" ">
			<marc:subfield code="a">(d) Graves, A Century of Loan Exhibitions, vol.ii, 1913, p.756.</marc:subfield>
		</marc:datafield>
		<marc:datafield tag="556" ind1=" " ind2=" ">
			<marc:subfield code="a">(e) Vasari, Le Vite etc., vol.ii, 1878, p.625 (Milanesi note).</marc:subfield>
		</marc:datafield>
		<marc:datafield tag="556" ind1=" " ind2=" ">
			<marc:subfield code="a">(f) Sale, Christie's, W. Lockett Agnew and Other Collections Sale, 15 June 1923, lot 82.</marc:subfield>
		</marc:datafield>
		<marc:datafield tag="556" ind1=" " ind2=" ">
			<marc:subfield code="a">(g) The Samuel H. Kress Collection, Brooks Memorial Art Gallery, Memphis, 1958, p.26.</marc:subfield>
		</marc:datafield>
		<marc:datafield tag="556" ind1=" " ind2=" ">
			<marc:subfield code="a">(h) Annotations on photograph, 18 May 1964.</marc:subfield>
		</marc:datafield>
		<marc:datafield tag="556" ind1=" " ind2=" ">
			<marc:subfield code="a">(i) Frick Art Reference Library Authority File of Public Collections.</marc:subfield>
		</marc:datafield>
		<marc:datafield tag="556" ind1=" " ind2=" ">
			<marc:subfield code="a">(j) Information from Frick Art Reference Library Photoarchive.</marc:subfield>
		</marc:datafield>
		<marc:datafield tag="600" ind1="0" ind2="0">
			<marc:subfield code="a">Anonymous,</marc:subfield>
			<marc:subfield code="c">Italian School, Florentine,</marc:subfield>
			<marc:subfield code="d">active 15th century.</marc:subfield>
		</marc:datafield>
		<marc:datafield tag="600" ind1="1" ind2="0">
			<marc:subfield code="a">Lippi, Filippo,</marc:subfield>
			<marc:subfield code="d">approximately 1406-1469. </marc:subfield>
		</marc:datafield>
		<marc:datafield tag="600" ind1="1" ind2="0">
			<marc:subfield code="a">Masaccio,</marc:subfield>
			<marc:subfield code="d">1401-1428. </marc:subfield>
		</marc:datafield>
		<marc:datafield tag="600" ind1="1" ind2="0">
			<marc:subfield code="a">Botticini, Francesco,</marc:subfield>
			<marc:subfield code="d">1446-1497. </marc:subfield>
		</marc:datafield>
		<marc:datafield tag="650" ind1=" " ind2="0">
			<marc:subfield code="a">Art, Italian.</marc:subfield>
		</marc:datafield>
		<marc:datafield tag="650" ind1=" " ind2="7">
			<marc:subfield code="a">Bible: The Virgin: Madonna and Child.</marc:subfield>
			<marc:subfield code="2">local.</marc:subfield>
		</marc:datafield>
		<marc:datafield tag="655" ind1=" " ind2="7">
			<marc:subfield code="a">Italian School.</marc:subfield>
			<marc:subfield code="2">local.</marc:subfield>
		</marc:datafield>
		<marc:datafield tag="655" ind1=" " ind2="7">
			<marc:subfield code="a">Paintings (visual works)</marc:subfield>
			<marc:subfield code="2">aat</marc:subfield>
			<marc:subfield code="0">http://vocab.getty.edu/aat/300033618</marc:subfield>
		</marc:datafield>
		<marc:datafield tag="655" ind1=" " ind2="7">
			<marc:subfield code="a">Reproductions.</marc:subfield>
			<marc:subfield code="2">aat</marc:subfield>
			<marc:subfield code="0">http://vocab.getty.edu/aat/300015643</marc:subfield>
		</marc:datafield>
		<marc:datafield tag="700" ind1="1" ind2=" ">
			<marc:subfield code="a">Lippi, Filippo,</marc:subfield>
			<marc:subfield code="d">approximately 1406-1469,</marc:subfield>
			<marc:subfield code="e">alternate attribution. </marc:subfield>
		</marc:datafield>
		<marc:datafield tag="700" ind1="0" ind2=" ">
			<marc:subfield code="a">Masaccio,</marc:subfield>
			<marc:subfield code="d">1401-1428,</marc:subfield>
			<marc:subfield code="e">alternate attribution. </marc:subfield>
		</marc:datafield>
		<marc:datafield tag="700" ind1="1" ind2=" ">
			<marc:subfield code="a">Botticini, Francesco,</marc:subfield>
			<marc:subfield code="d">1446-1497,</marc:subfield>
			<marc:subfield code="j">attributed to,</marc:subfield>
			<marc:subfield code="e">alternate attribution. </marc:subfield>
		</marc:datafield>
		<marc:datafield tag="710" ind1="2" ind2=" ">
			<marc:subfield code="a">Memphis Brooks Museum of Art.</marc:subfield>
		</marc:datafield>
		<marc:datafield tag="710" ind1="2" ind2=" ">
			<marc:subfield code="a">Frick Art Reference Library.</marc:subfield>
		</marc:datafield>
		<marc:datafield tag="792" ind1="0" ind2=" ">
			<marc:subfield code="a">Florentine School (15th century),</marc:subfield>
			<marc:subfield code="d">15th C.</marc:subfield>
		</marc:datafield>
		<marc:datafield tag="852" ind1="8" ind2=" ">
			<marc:subfield code="a">NNFr</marc:subfield>
			<marc:subfield code="h">Florentine School (15th century) 707-8j</marc:subfield>
		</marc:datafield>
		<marc:datafield tag="856" ind1="4" ind2="1">
			<marc:subfield code="u">http://digitalcollections.frick.org/digico/#/details/bibRecordNumber/b10719817/Photoarchive</marc:subfield>
			<marc:subfield code="z">Photoarchive images and documentation</marc:subfield>
		</marc:datafield>
		<marc:datafield tag="910" ind1=" " ind2=" ">
			<marc:subfield code="a">.b10719817</marc:subfield>
		</marc:datafield>
		<marc:datafield tag="902" ind1=" " ind2=" ">
			<marc:subfield code="a">170302</marc:subfield>
			<marc:subfield code="d">110503</marc:subfield>
		</marc:datafield>
		<marc:datafield tag="996" ind1=" " ind2=" ">
			<marc:subfield code="b">2</marc:subfield>
			<marc:subfield code="c">110503</marc:subfield>
			<marc:subfield code="d">d</marc:subfield>
			<marc:subfield code="e">k</marc:subfield>
			<marc:subfield code="f">-</marc:subfield>
			<marc:subfield code="g">0</marc:subfield>
			<marc:subfield code="l">fpw</marc:subfield>
		</marc:datafield>
		<marc:datafield tag="904" ind1=" " ind2=" ">
			<marc:subfield code="a">Record created with funding from The</marc:subfield>
			<marc:subfield code="b">National Endowment for the Humanities.</marc:subfield>
		</marc:datafield>
		<marc:datafield tag="904" ind1=" " ind2=" ">
			<marc:subfield code="a">Record created with funding from The</marc:subfield>
			<marc:subfield code="b">Henry Luce Foundation.</marc:subfield>
		</marc:datafield>
		<marc:datafield tag="906" ind1=" " ind2=" ">
			<marc:subfield code="a">NEH</marc:subfield>
		</marc:datafield>
		<marc:datafield tag="906" ind1=" " ind2=" ">
			<marc:subfield code="a">Luce</marc:subfield>
		</marc:datafield>
		<marc:datafield tag="980" ind1="2" ind2=" ">
			<marc:subfield code="a">CIDOC-CRM mapping example</marc:subfield>
		</marc:datafield>
		<marc:datafield tag="935" ind1=" " ind2=" ">
			<marc:subfield code="a">STAR9805</marc:subfield>
			<marc:subfield code="b">WID9805</marc:subfield>
		</marc:datafield>
		<marc:datafield tag="948" ind1=" " ind2=" ">
			<marc:subfield code="a">LTI 07/20/2012</marc:subfield>
		</marc:datafield>
		<marc:datafield tag="949" ind1=" " ind2=" ">
			<marc:subfield code="r">x</marc:subfield>
			<marc:subfield code="q">3</marc:subfield>
		</marc:datafield>
		<marc:datafield tag="949" ind1=" " ind2=" ">
			<marc:subfield code="b">3107100062739</marc:subfield>
		</marc:datafield>
		<marc:datafield tag="980" ind1="2" ind2=" ">
			<marc:subfield code="a">negative spoiled, NEH grant</marc:subfield>
		</marc:datafield>
		<marc:datafield tag="980" ind1="2" ind2=" ">
			<marc:subfield code="a">Italian Anonymous completed record</marc:subfield>
		</marc:datafield>
		<marc:datafield tag="980" ind1="2" ind2=" ">
			<marc:subfield code="a">Global Art Systems FASTR 14391</marc:subfield>
		</marc:datafield>
		<marc:datafield tag="980" ind1="2" ind2=" ">
			<marc:subfield code="a">collection name change</marc:subfield>
		</marc:datafield>
		<marc:datafield tag="980" ind1="2" ind2=" ">
			<marc:subfield code="a">Status original record Italian Anonymous Project</marc:subfield>
		</marc:datafield>
		<marc:datafield tag="980" ind1="2" ind2=" ">
			<marc:subfield code="a">MCQI</marc:subfield>
		</marc:datafield>
		<marc:datafield tag="980" ind1="2" ind2=" ">
			<marc:subfield code="a">CIDOC-CRM mapping example</marc:subfield>
		</marc:datafield>
		<marc:datafield tag="980" ind1="4" ind2=" ">
			<marc:subfield code="a">FARL Mounts File</marc:subfield>
		</marc:datafield>
		<marc:datafield tag="980" ind1="5" ind2=" ">
			<marc:subfield code="a">STAR record stamp</marc:subfield>
			<marc:subfield code="b">IR</marc:subfield>
			<marc:subfield code="c">1998 10 22</marc:subfield>
			<marc:subfield code="d">MCQ</marc:subfield>
			<marc:subfield code="e">2010 08 10</marc:subfield>
		</marc:datafield>
		<marc:datafield tag="983" ind1=" " ind2=" ">
			<marc:subfield code="a">3</marc:subfield>
			<marc:subfield code="b">reproduction(s).</marc:subfield>
		</marc:datafield>
		<marc:datafield tag="902" ind1=" " ind2=" ">
			<marc:subfield code="d">110503</marc:subfield>
		</marc:datafield>
		<marc:datafield tag="945" ind1=" " ind2=" ">
			<marc:subfield code="a">Florentine School (15th century) 707-8j</marc:subfield>
			<marc:subfield code="g">1</marc:subfield>
			<marc:subfield code="j">0</marc:subfield>
			<marc:subfield code="l">fpw  </marc:subfield>
			<marc:subfield code="n">Item generated from STAR migration load. 4/11 lilyp</marc:subfield>
			<marc:subfield code="o">x</marc:subfield>
			<marc:subfield code="p">$0.00</marc:subfield>
			<marc:subfield code="q">-</marc:subfield>
			<marc:subfield code="r">-</marc:subfield>
			<marc:subfield code="s">-</marc:subfield>
			<marc:subfield code="t">10</marc:subfield>
			<marc:subfield code="u">0</marc:subfield>
			<marc:subfield code="v">0</marc:subfield>
			<marc:subfield code="w">0</marc:subfield>
			<marc:subfield code="x">0</marc:subfield>
			<marc:subfield code="y">.i20881034</marc:subfield>
			<marc:subfield code="z">110503</marc:subfield>
		</marc:datafield>
		<marc:datafield tag="902" ind1=" " ind2=" ">
			<marc:subfield code="d">110503</marc:subfield>
		</marc:datafield>
		<marc:datafield tag="945" ind1=" " ind2=" ">
			<marc:subfield code="a">Florentine School (15th century) 707-8j</marc:subfield>
			<marc:subfield code="g">1</marc:subfield>
			<marc:subfield code="i">3107100062739</marc:subfield>
			<marc:subfield code="j">0</marc:subfield>
			<marc:subfield code="l">fpw  </marc:subfield>
			<marc:subfield code="n">Item generated from STAR migration load. 4/11 lilyp</marc:subfield>
			<marc:subfield code="o">n</marc:subfield>
			<marc:subfield code="p">$0.00</marc:subfield>
			<marc:subfield code="q">-</marc:subfield>
			<marc:subfield code="r">-</marc:subfield>
			<marc:subfield code="s">-</marc:subfield>
			<marc:subfield code="t">10</marc:subfield>
			<marc:subfield code="u">0</marc:subfield>
			<marc:subfield code="v">0</marc:subfield>
			<marc:subfield code="w">0</marc:subfield>
			<marc:subfield code="x">0</marc:subfield>
			<marc:subfield code="y">.i20881046</marc:subfield>
			<marc:subfield code="z">110503</marc:subfield>
		</marc:datafield>
	</marc:record>