
	<marc:record>
		<marc:leader>03607nkcaa2200649 a 4500</marc:leader>
		<marc:controlfield tag="001">.b10775936</marc:controlfield>
		<marc:controlfield tag="005">20110428200252.0</marc:controlfield>
		<marc:controlfield tag="006">knnn |||||||||||cn</marc:controlfield>
		<marc:controlfield tag="007">kh mom</marc:controlfield>
		<marc:controlfield tag="008">110428k16421690xx nnn |||||| ||||cneng|d</marc:controlfield>
		<marc:datafield tag="100" ind1="1" ind2=" ">
			<marc:subfield code="a">Valdés Leal, Juan de,</marc:subfield>
			<marc:subfield code="d">1622-1690,</marc:subfield>
			<marc:subfield code="j">attributed to.</marc:subfield>
		</marc:datafield>
		<marc:datafield tag="245" ind1="1" ind2="0">
			<marc:subfield code="a">Miguel Mañara.</marc:subfield>
		</marc:datafield>
		<marc:datafield tag="300" ind1="1" ind2=" ">
			<marc:subfield code="e">Graphic reproduction(s) with documentation of a</marc:subfield>
			<marc:subfield code="a">painting.</marc:subfield>
		</marc:datafield>
		<marc:datafield tag="340" ind1=" " ind2=" ">
			<marc:subfield code="b">37 x 28 1/2 in.</marc:subfield>
		</marc:datafield>
		<marc:datafield tag="340" ind1=" " ind2=" ">
			<marc:subfield code="b">94 x 72.4 cm.</marc:subfield>
		</marc:datafield>
		<marc:datafield tag="340" ind1=" " ind2=" ">
			<marc:subfield code="c">oil on canvas.</marc:subfield>
		</marc:datafield>
		<marc:datafield tag="561" ind1=" " ind2=" ">
			<marc:subfield code="a">(a and b and e) Sir Edgar Vincent D'Abernon, 16th Baronet and Viscount D'Abernon and Others Sale, London, 1929 (56, as by J. de Valdés Leal) ( 357((c) 340 gns), (b) to Saville Gallery);</marc:subfield>
		</marc:datafield>
		<marc:datafield tag="561" ind1=" " ind2=" ">
			<marc:subfield code="a">(d) the Spanish Art Gallery, Tomas Harris, Ltd. London, 1931; (c) Sale, London, 1972 (56, as Don Juan Mañara by J. de Valdés Leal, from Various Properties) (130 Gns., to James);</marc:subfield>
		</marc:datafield>
		<marc:datafield tag="561" ind1=" " ind2=" ">
			<marc:subfield code="a">(a) in 1978, private collection, England.</marc:subfield>
		</marc:datafield>
		<marc:datafield tag="590" ind1="1" ind2=" ">
			<marc:subfield code="a">Private collection, England,</marc:subfield>
			<marc:subfield code="d">England,</marc:subfield>
			<marc:subfield code="g">private.</marc:subfield>
		</marc:datafield>
		<marc:datafield tag="590" ind1="2" ind2=" ">
			<marc:subfield code="a">Title and attribution: (a,b) Miguel Mañara, (a) attributed to Juan de Valdés Leal. Medium: (b and d) Oil on canvas.</marc:subfield>
		</marc:datafield>
		<marc:datafield tag="590" ind1="3" ind2=" ">
			<marc:subfield code="a">(a) Fair condition.</marc:subfield>
		</marc:datafield>
		<marc:datafield tag="590" ind1="4" ind2=" ">
			<marc:subfield code="a">(d) The sitter has a very dark black beard and hair and wears a black clerical costume.</marc:subfield>
		</marc:datafield>
		<marc:datafield tag="590" ind1="7" ind2=" ">
			<marc:subfield code="a">(f) Miguel Mañara (1627-1679) was a director of the Hospital de la Santa Caridad, Seville and published a devotional manual in 1671.</marc:subfield>
		</marc:datafield>
		<marc:datafield tag="590" ind1="8" ind2=" ">
			<marc:subfield code="a">(g) A version of this portrait, depicting the subject with his eyes open, is assigned to the school of Valdés Leal (private collection, Andalusia) (see Frick Library photograph files).</marc:subfield>
		</marc:datafield>
		<marc:datafield tag="590" ind1="9" ind2=" ">
			<marc:subfield code="a">Photograph,</marc:subfield>
			<marc:subfield code="j">Purchase</marc:subfield>
			<marc:subfield code="k">A.C. Cooper, London</marc:subfield>
			<marc:subfield code="l">6/26/1973</marc:subfield>
			<marc:subfield code="n">m</marc:subfield>
		</marc:datafield>
		<marc:datafield tag="585" ind1=" " ind2=" ">
			<marc:subfield code="a">(d) London, Tomas Harris, Ltd., Old Masters by Spanish Artists [exh.], June 1931 (unnumbered, as Don Juan by Juan de Valdés Leal).</marc:subfield>
		</marc:datafield>
		<marc:datafield tag="556" ind1=" " ind2=" ">
			<marc:subfield code="a">(a) Kinkead, D.T., Juan de Valdés Leal (1622-1690), His Life and Work, 1978, p.458 (140).</marc:subfield>
		</marc:datafield>
		<marc:datafield tag="556" ind1=" " ind2=" ">
			<marc:subfield code="a">(b) Sale, Christie's, London, Viscount D'Abernon and Other Collections, June 28, 1929, p.11 (26) (priced and annotated copy).</marc:subfield>
		</marc:datafield>
		<marc:datafield tag="556" ind1=" " ind2=" ">
			<marc:subfield code="a">(c) Sale, Christie's, London, August 3, 1972, p.14 (56) (priced copy).</marc:subfield>
		</marc:datafield>
		<marc:datafield tag="556" ind1=" " ind2=" ">
			<marc:subfield code="a">(d) London, Tomas Harris, Ltd. Old Masters by Spanish Artists [exh.]. June 1931, p.17 (unnumbered).</marc:subfield>
		</marc:datafield>
		<marc:datafield tag="556" ind1=" " ind2=" ">
			<marc:subfield code="a">(e) Pine, L.G., The New Extinct Peerage, 1973, pp.94-95.</marc:subfield>
		</marc:datafield>
		<marc:datafield tag="556" ind1=" " ind2=" ">
			<marc:subfield code="a">(f) Trapier, E. du G., Valdés Leal, 1960, pp.33, 55-57.</marc:subfield>
		</marc:datafield>
		<marc:datafield tag="556" ind1=" " ind2=" ">
			<marc:subfield code="a">(g) Library staff, August 1982.</marc:subfield>
		</marc:datafield>
		<marc:datafield tag="600" ind1="1" ind2="0">
			<marc:subfield code="a">Valdés Leal, Juan de,</marc:subfield>
			<marc:subfield code="d">1622-1690.</marc:subfield>
		</marc:datafield>
		<marc:datafield tag="600" ind1="1" ind2="0">
			<marc:subfield code="a">Mañara, Miguel de,</marc:subfield>
			<marc:subfield code="d">1627-1679.</marc:subfield>
		</marc:datafield>
		<marc:datafield tag="650" ind1=" " ind2="0">
			<marc:subfield code="a">Art, Spanish.</marc:subfield>
		</marc:datafield>
		<marc:datafield tag="655" ind1=" " ind2="7">
			<marc:subfield code="a">Spanish School.</marc:subfield>
			<marc:subfield code="2">local.</marc:subfield>
		</marc:datafield>
		<marc:datafield tag="655" ind1=" " ind2="7">
			<marc:subfield code="a">Paintings (visual works)</marc:subfield>
			<marc:subfield code="2">aat</marc:subfield>
			<marc:subfield code="0">http://vocab.getty.edu/aat/300033618</marc:subfield>
		</marc:datafield>
		<marc:datafield tag="655" ind1=" " ind2="7">
			<marc:subfield code="a">Reproductions.</marc:subfield>
			<marc:subfield code="2">aat</marc:subfield>
			<marc:subfield code="0">http://vocab.getty.edu/aat/300015643</marc:subfield>
		</marc:datafield>
		<marc:datafield tag="710" ind1="2" ind2=" ">
			<marc:subfield code="a">Frick Art Reference Library.</marc:subfield>
		</marc:datafield>
		<marc:datafield tag="791" ind1="2" ind2=" ">
			<marc:subfield code="a">Private collection, England.</marc:subfield>
		</marc:datafield>
		<marc:datafield tag="792" ind1="1" ind2=" ">
			<marc:subfield code="a">Valdés Leal, Juan de,</marc:subfield>
			<marc:subfield code="d">1622-1690,</marc:subfield>
			<marc:subfield code="j">attributed to.</marc:subfield>
		</marc:datafield>
		<marc:datafield tag="852" ind1="8" ind2=" ">
			<marc:subfield code="a">NNFr</marc:subfield>
			<marc:subfield code="h">Valdés Leal, Juan de, 800, Miguel Mañara</marc:subfield>
		</marc:datafield>
		<marc:datafield tag="910" ind1=" " ind2=" ">
			<marc:subfield code="a">.b10775936</marc:subfield>
		</marc:datafield>
		<marc:datafield tag="902" ind1=" " ind2=" ">
			<marc:subfield code="a">170302</marc:subfield>
			<marc:subfield code="d">110503</marc:subfield>
		</marc:datafield>
		<marc:datafield tag="996" ind1=" " ind2=" ">
			<marc:subfield code="b">1</marc:subfield>
			<marc:subfield code="c">110503</marc:subfield>
			<marc:subfield code="d">d</marc:subfield>
			<marc:subfield code="e">k</marc:subfield>
			<marc:subfield code="f">-</marc:subfield>
			<marc:subfield code="g">0</marc:subfield>
			<marc:subfield code="l">fpw</marc:subfield>
		</marc:datafield>
		<marc:datafield tag="935" ind1=" " ind2=" ">
			<marc:subfield code="a">STAR4190</marc:subfield>
			<marc:subfield code="b">WID4190</marc:subfield>
		</marc:datafield>
		<marc:datafield tag="949" ind1=" " ind2=" ">
			<marc:subfield code="r">x</marc:subfield>
			<marc:subfield code="q">1</marc:subfield>
		</marc:datafield>
		<marc:datafield tag="980" ind1="2" ind2=" ">
			<marc:subfield code="a">new mount</marc:subfield>
		</marc:datafield>
		<marc:datafield tag="980" ind1="2" ind2=" ">
			<marc:subfield code="a">CIDOC-CRM mapping example</marc:subfield>
		</marc:datafield>
		<marc:datafield tag="980" ind1="4" ind2=" ">
			<marc:subfield code="a">FARL Mounts File</marc:subfield>
		</marc:datafield>
		<marc:datafield tag="980" ind1="5" ind2=" ">
			<marc:subfield code="a">STAR record stamp</marc:subfield>
			<marc:subfield code="b">MLH</marc:subfield>
			<marc:subfield code="c">1997 06 10</marc:subfield>
			<marc:subfield code="d">KS4</marc:subfield>
			<marc:subfield code="e">2004 08 30</marc:subfield>
		</marc:datafield>
		<marc:datafield tag="983" ind1=" " ind2=" ">
			<marc:subfield code="a">1</marc:subfield>
			<marc:subfield code="b">reproduction(s).</marc:subfield>
		</marc:datafield>
		<marc:datafield tag="948" ind1=" " ind2=" ">
			<marc:subfield code="a">LTI 08/06/2012</marc:subfield>
		</marc:datafield>
		<marc:datafield tag="902" ind1=" " ind2=" ">
			<marc:subfield code="d">110503</marc:subfield>
		</marc:datafield>
		<marc:datafield tag="945" ind1=" " ind2=" ">
			<marc:subfield code="a">Valdés Leal, Juan de, 800, Miguel Mañara</marc:subfield>
			<marc:subfield code="g">1</marc:subfield>
			<marc:subfield code="j">0</marc:subfield>
			<marc:subfield code="l">fpw  </marc:subfield>
			<marc:subfield code="n">Item generated from STAR migration load. 4/11 lilyp</marc:subfield>
			<marc:subfield code="o">x</marc:subfield>
			<marc:subfield code="p">$0.00</marc:subfield>
			<marc:subfield code="q">-</marc:subfield>
			<marc:subfield code="r">-</marc:subfield>
			<marc:subfield code="s">-</marc:subfield>
			<marc:subfield code="t">10</marc:subfield>
			<marc:subfield code="u">0</marc:subfield>
			<marc:subfield code="v">0</marc:subfield>
			<marc:subfield code="w">0</marc:subfield>
			<marc:subfield code="x">0</marc:subfield>
			<marc:subfield code="y">.i20943210</marc:subfield>
			<marc:subfield code="z">110503</marc:subfield>
		</marc:datafield>
	</marc:record>