
	<marc:record>
		<marc:leader>04487nkcaa2200709 a 4500</marc:leader>
		<marc:controlfield tag="001">.b10983247</marc:controlfield>
		<marc:controlfield tag="005">20110429084014.0</marc:controlfield>
		<marc:controlfield tag="006">knnn |||||||||||cn</marc:controlfield>
		<marc:controlfield tag="007">kh mom</marc:controlfield>
		<marc:controlfield tag="008">110429k18351860xx nnn |||||| ||||cneng|d</marc:controlfield>
		<marc:datafield tag="100" ind1="1" ind2=" ">
			<marc:subfield code="a">Toole, John,</marc:subfield>
			<marc:subfield code="d">1815-1860,</marc:subfield>
			<marc:subfield code="j">attributed to.</marc:subfield>
		</marc:datafield>
		<marc:datafield tag="245" ind1="1" ind2="0">
			<marc:subfield code="a">Philip Pendleton Barbour.</marc:subfield>
		</marc:datafield>
		<marc:datafield tag="300" ind1="1" ind2=" ">
			<marc:subfield code="e">Graphic reproduction(s) with documentation of a</marc:subfield>
			<marc:subfield code="a">painting.</marc:subfield>
		</marc:datafield>
		<marc:datafield tag="340" ind1=" " ind2=" ">
			<marc:subfield code="b">30 x 25 in.</marc:subfield>
		</marc:datafield>
		<marc:datafield tag="340" ind1=" " ind2=" ">
			<marc:subfield code="c">oil on canvas.</marc:subfield>
		</marc:datafield>
		<marc:datafield tag="561" ind1=" " ind2=" ">
			<marc:subfield code="a">(a) Edward Overman Novell, Salisbury, North Carolina, great-great-grandson of the subject.</marc:subfield>
		</marc:datafield>
		<marc:datafield tag="590" ind1="1" ind2=" ">
			<marc:subfield code="a">Edward Overman Norvell,</marc:subfield>
			<marc:subfield code="b">Salisbury,</marc:subfield>
			<marc:subfield code="c">North Carolina,</marc:subfield>
			<marc:subfield code="d">United States,</marc:subfield>
			<marc:subfield code="g">private.</marc:subfield>
		</marc:datafield>
		<marc:datafield tag="590" ind1="3" ind2=" ">
			<marc:subfield code="a">(a and d) Painting was damaged in the fire that on December 25, 1884 destroyed &quot;Frascati,&quot; the home of Philip Pendleton Barbour, the subject, near Barboursville, Virginia; &quot;Frascati&quot; was designed by Thomas Jefferson; (a) painting was restored and cleaned in spring 1959 by Henry Rood, Greensboro.</marc:subfield>
		</marc:datafield>
		<marc:datafield tag="590" ind1="4" ind2=" ">
			<marc:subfield code="a">(b) Brown hair, gray-blue eyes. White stock, collar, and waistcoat, black coat. Red chair at left, brown background.</marc:subfield>
		</marc:datafield>
		<marc:datafield tag="590" ind1="5" ind2=" ">
			<marc:subfield code="a">(a and c) Listed as by unknown artist; (a) unidentified American school artist (1801-1850); (b) attributed to John Toole, copy after portrait by unidentified artist.</marc:subfield>
		</marc:datafield>
		<marc:datafield tag="590" ind1="7" ind2=" ">
			<marc:subfield code="a">(a) Philip Pendleton Barbour (May 25, 1783 - February 24, 1841) lived in Orange County, Virginia and Washington, D.C. He was an American politician and jurist: member of Congress from Virginia, 1814-1825; Speaker of the House, 1821-1823; member of Congress, 1827-1830; candidate for Democratic nomination for Vice President, 1832; Associate Justice of the United States Supreme Court, 1836-1841. His brother was James Barbour.</marc:subfield>
		</marc:datafield>
		<marc:datafield tag="590" ind1="9" ind2=" ">
			<marc:subfield code="a">Photograph,</marc:subfield>
			<marc:subfield code="b">Thurman Rotan</marc:subfield>
			<marc:subfield code="d">55651</marc:subfield>
			<marc:subfield code="f">good</marc:subfield>
			<marc:subfield code="k">Frick Art Reference Library, New York (FARL) negative.</marc:subfield>
			<marc:subfield code="n">m</marc:subfield>
		</marc:datafield>
		<marc:datafield tag="590" ind1="9" ind2=" ">
			<marc:subfield code="a">Digital image,</marc:subfield>
			<marc:subfield code="b">Thurman Rotan</marc:subfield>
			<marc:subfield code="g">55651_POST.tif</marc:subfield>
			<marc:subfield code="k">Frick Art Reference Library, New York (FARL) negative.</marc:subfield>
		</marc:datafield>
		<marc:datafield tag="556" ind1=" " ind2=" ">
			<marc:subfield code="a">(a) Information from Frick Art Reference Library Photoarchive.</marc:subfield>
		</marc:datafield>
		<marc:datafield tag="556" ind1=" " ind2=" ">
			<marc:subfield code="a">(b) Library staff, October 26, 1960.</marc:subfield>
		</marc:datafield>
		<marc:datafield tag="556" ind1=" " ind2=" ">
			<marc:subfield code="a">(c) National Society of Colonial Dames of America in the State of North Carolina. North Carolina Portrait Index, 1700-1860. Chapel Hill, 1963, p.261.</marc:subfield>
		</marc:datafield>
		<marc:datafield tag="556" ind1=" " ind2=" ">
			<marc:subfield code="a">(d) Edward Proctor Norvell, son of Edward Overton Norvell, letter dated July 25, 1983.</marc:subfield>
		</marc:datafield>
		<marc:datafield tag="556" ind1=" " ind2=" ">
			<marc:subfield code="a">(e) Smithsonian American Art Museum. &quot;Art Inventories Catalog.&quot; Smithsonian Institution. http://siris-artinventories.si.edu (accessed September 2010).</marc:subfield>
		</marc:datafield>
		<marc:datafield tag="600" ind1="1" ind2="0">
			<marc:subfield code="a">Toole, John,</marc:subfield>
			<marc:subfield code="d">1815-1860.</marc:subfield>
		</marc:datafield>
		<marc:datafield tag="600" ind1="1" ind2="0">
			<marc:subfield code="a">Barbour, Philip Pendleton,</marc:subfield>
			<marc:subfield code="d">1783-1841.</marc:subfield>
		</marc:datafield>
		<marc:datafield tag="650" ind1=" " ind2="0">
			<marc:subfield code="a">Art, American.</marc:subfield>
		</marc:datafield>
		<marc:datafield tag="650" ind1=" " ind2="7">
			<marc:subfield code="a">Portraits: Men.</marc:subfield>
			<marc:subfield code="2">local.</marc:subfield>
		</marc:datafield>
		<marc:datafield tag="600" ind1="0" ind2="0">
			<marc:subfield code="a">Anonymous,</marc:subfield>
			<marc:subfield code="c">American School,</marc:subfield>
			<marc:subfield code="d">1801-1850.</marc:subfield>
		</marc:datafield>
		<marc:datafield tag="655" ind1=" " ind2="7">
			<marc:subfield code="a">American School.</marc:subfield>
			<marc:subfield code="2">local.</marc:subfield>
		</marc:datafield>
		<marc:datafield tag="655" ind1=" " ind2="7">
			<marc:subfield code="a">Paintings (visual works)</marc:subfield>
			<marc:subfield code="2">aat</marc:subfield>
			<marc:subfield code="0">http://vocab.getty.edu/aat/300033618</marc:subfield>
		</marc:datafield>
		<marc:datafield tag="655" ind1=" " ind2="7">
			<marc:subfield code="a">Reproductions.</marc:subfield>
			<marc:subfield code="2">aat</marc:subfield>
			<marc:subfield code="0">http://vocab.getty.edu/aat/300015643</marc:subfield>
		</marc:datafield>
		<marc:datafield tag="700" ind1="0" ind2=" ">
			<marc:subfield code="a">Anonymous,</marc:subfield>
			<marc:subfield code="c">American School,</marc:subfield>
			<marc:subfield code="d">1801-1850,</marc:subfield>
			<marc:subfield code="e">alternate attribution.</marc:subfield>
		</marc:datafield>
		<marc:datafield tag="710" ind1="2" ind2=" ">
			<marc:subfield code="a">Frick Art Reference Library.</marc:subfield>
		</marc:datafield>
		<marc:datafield tag="790" ind1="0" ind2=" ">
			<marc:subfield code="a">Edward Overman Norvell,</marc:subfield>
			<marc:subfield code="g">art collection.</marc:subfield>
		</marc:datafield>
		<marc:datafield tag="792" ind1="1" ind2=" ">
			<marc:subfield code="a">Toole, John,</marc:subfield>
			<marc:subfield code="d">1815-1860,</marc:subfield>
			<marc:subfield code="j">attributed to.</marc:subfield>
		</marc:datafield>
		<marc:datafield tag="852" ind1="8" ind2=" ">
			<marc:subfield code="a">NNFr</marc:subfield>
			<marc:subfield code="h">Toole, John, 100, Philip Pendleton Barbour</marc:subfield>
		</marc:datafield>
		<marc:datafield tag="856" ind1="4" ind2="1">
			<marc:subfield code="u">http://digitalcollections.frick.org/digico/#/details/bibRecordNumber/b10983247/Photoarchive</marc:subfield>
			<marc:subfield code="z">Photoarchive images and documentation</marc:subfield>
		</marc:datafield>
		<marc:datafield tag="910" ind1=" " ind2=" ">
			<marc:subfield code="a">.b10983247</marc:subfield>
		</marc:datafield>
		<marc:datafield tag="902" ind1=" " ind2=" ">
			<marc:subfield code="a">170302</marc:subfield>
			<marc:subfield code="d">110504</marc:subfield>
		</marc:datafield>
		<marc:datafield tag="996" ind1=" " ind2=" ">
			<marc:subfield code="b">2</marc:subfield>
			<marc:subfield code="c">110504</marc:subfield>
			<marc:subfield code="d">d</marc:subfield>
			<marc:subfield code="e">k</marc:subfield>
			<marc:subfield code="f">-</marc:subfield>
			<marc:subfield code="g">0</marc:subfield>
			<marc:subfield code="l">fpw</marc:subfield>
		</marc:datafield>
		<marc:datafield tag="904" ind1=" " ind2=" ">
			<marc:subfield code="a">Record created with funding from The</marc:subfield>
			<marc:subfield code="b">National Endowment for the Humanities.</marc:subfield>
		</marc:datafield>
		<marc:datafield tag="904" ind1=" " ind2=" ">
			<marc:subfield code="a">Record created with funding from The</marc:subfield>
			<marc:subfield code="b">Henry Luce Foundation.</marc:subfield>
		</marc:datafield>
		<marc:datafield tag="906" ind1=" " ind2=" ">
			<marc:subfield code="a">NEH</marc:subfield>
		</marc:datafield>
		<marc:datafield tag="906" ind1=" " ind2=" ">
			<marc:subfield code="a">Luce</marc:subfield>
		</marc:datafield>
		<marc:datafield tag="935" ind1=" " ind2=" ">
			<marc:subfield code="a">STAR114834</marc:subfield>
			<marc:subfield code="b">WID114834</marc:subfield>
		</marc:datafield>
		<marc:datafield tag="948" ind1=" " ind2=" ">
			<marc:subfield code="a">LTI 07/20/2012</marc:subfield>
		</marc:datafield>
		<marc:datafield tag="949" ind1=" " ind2=" ">
			<marc:subfield code="r">x</marc:subfield>
			<marc:subfield code="q">1</marc:subfield>
		</marc:datafield>
		<marc:datafield tag="949" ind1=" " ind2=" ">
			<marc:subfield code="b">3107100073180</marc:subfield>
		</marc:datafield>
		<marc:datafield tag="980" ind1="2" ind2=" ">
			<marc:subfield code="a">CIDOC-CRM mapping example</marc:subfield>
		</marc:datafield>
		<marc:datafield tag="980" ind1="4" ind2=" ">
			<marc:subfield code="a">FARL Mounts File</marc:subfield>
		</marc:datafield>
		<marc:datafield tag="980" ind1="5" ind2=" ">
			<marc:subfield code="a">STAR record stamp</marc:subfield>
			<marc:subfield code="d">EFP</marc:subfield>
			<marc:subfield code="e">2011 04 13</marc:subfield>
		</marc:datafield>
		<marc:datafield tag="981" ind1=" " ind2=" ">
			<marc:subfield code="b">SIRIS lists two portraits of the subject, each presumably a copy after the original.</marc:subfield>
			<marc:subfield code="c">IAPDT.</marc:subfield>
		</marc:datafield>
		<marc:datafield tag="983" ind1=" " ind2=" ">
			<marc:subfield code="a">1</marc:subfield>
			<marc:subfield code="b">reproduction(s).</marc:subfield>
		</marc:datafield>
		<marc:datafield tag="902" ind1=" " ind2=" ">
			<marc:subfield code="d">110504</marc:subfield>
		</marc:datafield>
		<marc:datafield tag="945" ind1=" " ind2=" ">
			<marc:subfield code="a">Toole, John, 100, Philip Pendleton Barbour</marc:subfield>
			<marc:subfield code="g">1</marc:subfield>
			<marc:subfield code="j">0</marc:subfield>
			<marc:subfield code="l">fpw  </marc:subfield>
			<marc:subfield code="n">Item generated from STAR migration load. 4/11 lilyp</marc:subfield>
			<marc:subfield code="o">x</marc:subfield>
			<marc:subfield code="p">$0.00</marc:subfield>
			<marc:subfield code="q">-</marc:subfield>
			<marc:subfield code="r">-</marc:subfield>
			<marc:subfield code="s">-</marc:subfield>
			<marc:subfield code="t">10</marc:subfield>
			<marc:subfield code="u">0</marc:subfield>
			<marc:subfield code="v">0</marc:subfield>
			<marc:subfield code="w">0</marc:subfield>
			<marc:subfield code="x">0</marc:subfield>
			<marc:subfield code="y">.i21243530</marc:subfield>
			<marc:subfield code="z">110504</marc:subfield>
		</marc:datafield>
		<marc:datafield tag="902" ind1=" " ind2=" ">
			<marc:subfield code="d">110504</marc:subfield>
		</marc:datafield>
		<marc:datafield tag="945" ind1=" " ind2=" ">
			<marc:subfield code="a">Toole, John, 100, Philip Pendleton Barbour</marc:subfield>
			<marc:subfield code="g">1</marc:subfield>
			<marc:subfield code="i">3107100073180</marc:subfield>
			<marc:subfield code="j">0</marc:subfield>
			<marc:subfield code="l">fpw  </marc:subfield>
			<marc:subfield code="n">Item generated from STAR migration load. 4/11 lilyp</marc:subfield>
			<marc:subfield code="o">n</marc:subfield>
			<marc:subfield code="p">$0.00</marc:subfield>
			<marc:subfield code="q">-</marc:subfield>
			<marc:subfield code="r">-</marc:subfield>
			<marc:subfield code="s">-</marc:subfield>
			<marc:subfield code="t">10</marc:subfield>
			<marc:subfield code="u">0</marc:subfield>
			<marc:subfield code="v">0</marc:subfield>
			<marc:subfield code="w">0</marc:subfield>
			<marc:subfield code="x">0</marc:subfield>
			<marc:subfield code="y">.i21243542</marc:subfield>
			<marc:subfield code="z">110504</marc:subfield>
		</marc:datafield>
	</marc:record>