
	<marc:record>
		<marc:leader>03897nkcaa2200709 a 4500</marc:leader>
		<marc:controlfield tag="001">.b11198400</marc:controlfield>
		<marc:controlfield tag="005">20110429083356.0</marc:controlfield>
		<marc:controlfield tag="006">knnn |||||||||||cn</marc:controlfield>
		<marc:controlfield tag="007">kh mom</marc:controlfield>
		<marc:controlfield tag="008">110429k19381938xx nnn |||||| ||||cneng|d</marc:controlfield>
		<marc:datafield tag="100" ind1="1" ind2=" ">
			<marc:subfield code="a">Picasso, Pablo,</marc:subfield>
			<marc:subfield code="d">1881-1973.</marc:subfield>
		</marc:datafield>
		<marc:datafield tag="245" ind1="1" ind2="0">
			<marc:subfield code="a">Man with a Lollipop.</marc:subfield>
		</marc:datafield>
		<marc:datafield tag="246" ind1="3" ind2="3">
			<marc:subfield code="a">Man with an All-Day-Sucker </marc:subfield>
		</marc:datafield>
		<marc:datafield tag="246" ind1="3" ind2="3">
			<marc:subfield code="a">Homme à la sucette </marc:subfield>
		</marc:datafield>
		<marc:datafield tag="260" ind1=" " ind2=" ">
			<marc:subfield code="c">August 20, 1938 in Mougins.</marc:subfield>
		</marc:datafield>
		<marc:datafield tag="300" ind1="1" ind2=" ">
			<marc:subfield code="e">Graphic reproduction(s) with documentation of a</marc:subfield>
			<marc:subfield code="a">painting.</marc:subfield>
		</marc:datafield>
		<marc:datafield tag="340" ind1=" " ind2=" ">
			<marc:subfield code="b">26 7/8 x 17 7/8 in.</marc:subfield>
		</marc:datafield>
		<marc:datafield tag="340" ind1=" " ind2=" ">
			<marc:subfield code="b">68.3 x 45.4 cm.</marc:subfield>
		</marc:datafield>
		<marc:datafield tag="340" ind1=" " ind2=" ">
			<marc:subfield code="c">oil on paper, mounted on canvas.</marc:subfield>
		</marc:datafield>
		<marc:datafield tag="561" ind1=" " ind2=" ">
			<marc:subfield code="a">(c) From the artist to Galerie Kate Perls, Paris, 1938;</marc:subfield>
		</marc:datafield>
		<marc:datafield tag="561" ind1=" " ind2=" ">
			<marc:subfield code="a">(c and d) in 1938 or 1939, Walter P. Chrysler, Jr., New York;</marc:subfield>
		</marc:datafield>
		<marc:datafield tag="561" ind1=" " ind2=" ">
			<marc:subfield code="a">(c) Sale, Parke-Bernet Galleries, New York, Walter P. Chrysler, Jr., Collection, February 16, 1950, lot 61;</marc:subfield>
		</marc:datafield>
		<marc:datafield tag="561" ind1=" " ind2=" ">
			<marc:subfield code="a">(c) Edward Bragaline, New York;</marc:subfield>
		</marc:datafield>
		<marc:datafield tag="561" ind1=" " ind2=" ">
			<marc:subfield code="a">(c) around 1983, E.V. Thaw and Co., Inc., New York;</marc:subfield>
		</marc:datafield>
		<marc:datafield tag="561" ind1=" " ind2=" ">
			<marc:subfield code="a">(c) around 1984 in a private collection, United States;</marc:subfield>
		</marc:datafield>
		<marc:datafield tag="561" ind1=" " ind2=" ">
			<marc:subfield code="a">(c) in 1985, Aquavella Galleries, New York;</marc:subfield>
		</marc:datafield>
		<marc:datafield tag="561" ind1=" " ind2=" ">
			<marc:subfield code="a">(c) in 1985, Jacques and Natasha Gelman, New York;</marc:subfield>
		</marc:datafield>
		<marc:datafield tag="561" ind1=" " ind2=" ">
			<marc:subfield code="a">(c and e) their bequest in 1998 to the Metropolitan Museum of Art, New York.</marc:subfield>
		</marc:datafield>
		<marc:datafield tag="590" ind1="1" ind2=" ">
			<marc:subfield code="a">Metropolitan Museum of Art,</marc:subfield>
			<marc:subfield code="b">New York,</marc:subfield>
			<marc:subfield code="c">New York,</marc:subfield>
			<marc:subfield code="d">United States,</marc:subfield>
			<marc:subfield code="e">Jacques and Natasha Gelman Collection,</marc:subfield>
			<marc:subfield code="g">public.</marc:subfield>
		</marc:datafield>
		<marc:datafield tag="590" ind1="2" ind2=" ">
			<marc:subfield code="a">Title and attribution: (c and d) Man with a Lollipop, by Pablo Picasso. Medium: (c) Oil on paper, mounted on canvas. Dimensions: (c) 26 7/8 x 17 7/8 in. (68.3 x 45.4 cm.)</marc:subfield>
		</marc:datafield>
		<marc:datafield tag="590" ind1="6" ind2=" ">
			<marc:subfield code="a">(d) Alternatively titled Man with an All-Day-Sucker; (c) Homme à la sucette.</marc:subfield>
		</marc:datafield>
		<marc:datafield tag="590" ind1="9" ind2=" ">
			<marc:subfield code="a">Photograph,</marc:subfield>
			<marc:subfield code="b">Parke-Bernet Galleries, Inc., New York</marc:subfield>
			<marc:subfield code="j">Gift,</marc:subfield>
			<marc:subfield code="k">Art Students League, New York,</marc:subfield>
			<marc:subfield code="l">August 31, 1988</marc:subfield>
			<marc:subfield code="n">1</marc:subfield>
		</marc:datafield>
		<marc:datafield tag="590" ind1="9" ind2=" ">
			<marc:subfield code="a">Publication,</marc:subfield>
			<marc:subfield code="k">New York, Museum of Modern Art. Picasso: Forty Years of His Art [trav. exh.]. November 15, 1939 - January 7, 1940, p.189 (355)  </marc:subfield>
			<marc:subfield code="n">m</marc:subfield>
		</marc:datafield>
		<marc:datafield tag="562" ind1=" " ind2=" ">
			<marc:subfield code="a">Signed and dated upper left: &quot;20 A 38/Picasso&quot;.</marc:subfield>
		</marc:datafield>
		<marc:datafield tag="562" ind1=" " ind2=" ">
			<marc:subfield code="a">(c and d) Signed and dated upper left: &quot;20 A 38/Picasso&quot;.</marc:subfield>
		</marc:datafield>
		<marc:datafield tag="585" ind1=" " ind2=" ">
			<marc:subfield code="a">(d) Richmond, Virginia Museum of Fine Arts, Collection of Walter P. Chrysler, Jr. [trav. exh.], January 16 - March 4, 1941 (187); (c) New York, Metropolitan Museum of Art, Twentieth-Century Modern Masters: The Jacques and Natasha Gelman Collection [exh.], December 12, 1989 - April 1, 1990.</marc:subfield>
		</marc:datafield>
		<marc:datafield tag="556" ind1=" " ind2=" ">
			<marc:subfield code="a">(c) New York, Metropolitan Museum of Art. Twentieth-Century Modern Masters: The Jacques and Natasha Gelman Collection [exh.]. December 12, 1989 - April 1, 1990, p.209.</marc:subfield>
		</marc:datafield>
		<marc:datafield tag="556" ind1=" " ind2=" ">
			<marc:subfield code="a">(d) Information from Frick Art Reference Library Photoarchive.</marc:subfield>
		</marc:datafield>
		<marc:datafield tag="556" ind1=" " ind2=" ">
			<marc:subfield code="a">(e) Metropolitan Museum of Art, New York, Website, November 2008.</marc:subfield>
		</marc:datafield>
		<marc:datafield tag="600" ind1="1" ind2="0">
			<marc:subfield code="a">Picasso, Pablo,</marc:subfield>
			<marc:subfield code="d">1881-1973.</marc:subfield>
		</marc:datafield>
		<marc:datafield tag="650" ind1=" " ind2="0">
			<marc:subfield code="a">Art, Spanish.</marc:subfield>
		</marc:datafield>
		<marc:datafield tag="650" ind1=" " ind2="7">
			<marc:subfield code="a">Figures other than portraits.</marc:subfield>
			<marc:subfield code="2">local</marc:subfield>
		</marc:datafield>
		<marc:datafield tag="655" ind1=" " ind2="7">
			<marc:subfield code="a">Spanish School.</marc:subfield>
			<marc:subfield code="2">local.</marc:subfield>
		</marc:datafield>
		<marc:datafield tag="655" ind1=" " ind2="7">
			<marc:subfield code="a">Paintings (visual works)</marc:subfield>
			<marc:subfield code="2">aat</marc:subfield>
			<marc:subfield code="0">http://vocab.getty.edu/aat/300033618</marc:subfield>
		</marc:datafield>
		<marc:datafield tag="655" ind1=" " ind2="7">
			<marc:subfield code="a">Reproductions.</marc:subfield>
			<marc:subfield code="2">aat</marc:subfield>
			<marc:subfield code="0">http://vocab.getty.edu/aat/300015643</marc:subfield>
		</marc:datafield>
		<marc:datafield tag="710" ind1="2" ind2=" ">
			<marc:subfield code="a">Metropolitan Museum of Art (New York, N.Y.)</marc:subfield>
		</marc:datafield>
		<marc:datafield tag="710" ind1="2" ind2=" ">
			<marc:subfield code="a">Frick Art Reference Library.</marc:subfield>
		</marc:datafield>
		<marc:datafield tag="792" ind1="1" ind2=" ">
			<marc:subfield code="a">Picasso, Pablo,</marc:subfield>
			<marc:subfield code="d">1881-1973.</marc:subfield>
		</marc:datafield>
		<marc:datafield tag="852" ind1="8" ind2=" ">
			<marc:subfield code="a">NNFr</marc:subfield>
			<marc:subfield code="h">Picasso, Pablo 826-6a</marc:subfield>
		</marc:datafield>
		<marc:datafield tag="910" ind1=" " ind2=" ">
			<marc:subfield code="a">.b11198400</marc:subfield>
		</marc:datafield>
		<marc:datafield tag="902" ind1=" " ind2=" ">
			<marc:subfield code="a">170302</marc:subfield>
			<marc:subfield code="d">110504</marc:subfield>
		</marc:datafield>
		<marc:datafield tag="996" ind1=" " ind2=" ">
			<marc:subfield code="b">1</marc:subfield>
			<marc:subfield code="c">110504</marc:subfield>
			<marc:subfield code="d">d</marc:subfield>
			<marc:subfield code="e">k</marc:subfield>
			<marc:subfield code="f">-</marc:subfield>
			<marc:subfield code="g">0</marc:subfield>
			<marc:subfield code="l">fpw</marc:subfield>
		</marc:datafield>
		<marc:datafield tag="980" ind1="2" ind2=" ">
			<marc:subfield code="a">CIDOC-CRM mapping example</marc:subfield>
		</marc:datafield>
		<marc:datafield tag="935" ind1=" " ind2=" ">
			<marc:subfield code="a">STAR93154</marc:subfield>
			<marc:subfield code="b">WID93154</marc:subfield>
		</marc:datafield>
		<marc:datafield tag="948" ind1=" " ind2=" ">
			<marc:subfield code="a">LTI 07/20/2012</marc:subfield>
		</marc:datafield>
		<marc:datafield tag="949" ind1=" " ind2=" ">
			<marc:subfield code="r">x</marc:subfield>
			<marc:subfield code="q">2</marc:subfield>
		</marc:datafield>
		<marc:datafield tag="980" ind1="2" ind2=" ">
			<marc:subfield code="a">add 1 b/w photo as detail 1; title change; collection change</marc:subfield>
		</marc:datafield>
		<marc:datafield tag="980" ind1="4" ind2=" ">
			<marc:subfield code="a">FARL Mounts File</marc:subfield>
		</marc:datafield>
		<marc:datafield tag="980" ind1="5" ind2=" ">
			<marc:subfield code="a">STAR record stamp</marc:subfield>
			<marc:subfield code="b">MCQ</marc:subfield>
			<marc:subfield code="c">2008 11 21</marc:subfield>
			<marc:subfield code="d">MCQ</marc:subfield>
			<marc:subfield code="e">2010 08 18</marc:subfield>
		</marc:datafield>
		<marc:datafield tag="983" ind1=" " ind2=" ">
			<marc:subfield code="a">2</marc:subfield>
			<marc:subfield code="b">reproduction(s).</marc:subfield>
		</marc:datafield>
		<marc:datafield tag="902" ind1=" " ind2=" ">
			<marc:subfield code="d">110504</marc:subfield>
		</marc:datafield>
		<marc:datafield tag="945" ind1=" " ind2=" ">
			<marc:subfield code="a">Picasso, Pablo 826-6a</marc:subfield>
			<marc:subfield code="g">1</marc:subfield>
			<marc:subfield code="j">0</marc:subfield>
			<marc:subfield code="l">fpw  </marc:subfield>
			<marc:subfield code="n">Item generated from STAR migration load. 4/11 lilyp</marc:subfield>
			<marc:subfield code="o">x</marc:subfield>
			<marc:subfield code="p">$0.00</marc:subfield>
			<marc:subfield code="q">-</marc:subfield>
			<marc:subfield code="r">-</marc:subfield>
			<marc:subfield code="s">-</marc:subfield>
			<marc:subfield code="t">10</marc:subfield>
			<marc:subfield code="u">0</marc:subfield>
			<marc:subfield code="v">0</marc:subfield>
			<marc:subfield code="w">0</marc:subfield>
			<marc:subfield code="x">0</marc:subfield>
			<marc:subfield code="y">.i21497862</marc:subfield>
			<marc:subfield code="z">110504</marc:subfield>
		</marc:datafield>
	</marc:record>