
	<marc:record>
		<marc:leader>01999nkcaa2200457 a 4500</marc:leader>
		<marc:controlfield tag="001">.b11239359</marc:controlfield>
		<marc:controlfield tag="005">20110429083229.0</marc:controlfield>
		<marc:controlfield tag="006">knnn |||||||||||cn</marc:controlfield>
		<marc:controlfield tag="007">kh mom</marc:controlfield>
		<marc:controlfield tag="008">110429k15321594xx nnn |||||| ||||cneng|d</marc:controlfield>
		<marc:datafield tag="100" ind1="0" ind2=" ">
			<marc:subfield code="a">Tintoretto,</marc:subfield>
			<marc:subfield code="d">1518-1594,</marc:subfield>
			<marc:subfield code="j">copy of.</marc:subfield>
		</marc:datafield>
		<marc:datafield tag="245" ind1="1" ind2="0">
			<marc:subfield code="a">Adoration of the Magi.</marc:subfield>
		</marc:datafield>
		<marc:datafield tag="300" ind1="1" ind2=" ">
			<marc:subfield code="e">Graphic reproduction(s) with documentation of a</marc:subfield>
			<marc:subfield code="a">drawing.</marc:subfield>
		</marc:datafield>
		<marc:datafield tag="340" ind1=" " ind2=" ">
			<marc:subfield code="b">228 x 198 mm.</marc:subfield>
		</marc:datafield>
		<marc:datafield tag="340" ind1=" " ind2=" ">
			<marc:subfield code="c">pen and wash, bistre or ink over black chalk.</marc:subfield>
		</marc:datafield>
		<marc:datafield tag="561" ind1=" " ind2=" ">
			<marc:subfield code="a">Gabinetto disegni e stampe degli Uffizi, Florence.</marc:subfield>
		</marc:datafield>
		<marc:datafield tag="590" ind1="1" ind2=" ">
			<marc:subfield code="a">Gabinetto disegni e stampe degli Uffizi,</marc:subfield>
			<marc:subfield code="b">Florence,</marc:subfield>
			<marc:subfield code="d">Italy,</marc:subfield>
			<marc:subfield code="f">7465 S,</marc:subfield>
			<marc:subfield code="g">public.</marc:subfield>
		</marc:datafield>
		<marc:datafield tag="590" ind1="9" ind2=" ">
			<marc:subfield code="a">Photograph,</marc:subfield>
			<marc:subfield code="b">Gernsheim Corpus Photographicum</marc:subfield>
			<marc:subfield code="c">157336</marc:subfield>
			<marc:subfield code="i">page: 3512</marc:subfield>
			<marc:subfield code="j">Purchase,</marc:subfield>
			<marc:subfield code="k">Gernsheim Subscription,</marc:subfield>
			<marc:subfield code="l">June 22, 1998.</marc:subfield>
			<marc:subfield code="n">m</marc:subfield>
		</marc:datafield>
		<marc:datafield tag="556" ind1=" " ind2=" ">
			<marc:subfield code="a">Gernsheim Corpus Photographicum sheet 3512.</marc:subfield>
		</marc:datafield>
		<marc:datafield tag="600" ind1="0" ind2="0">
			<marc:subfield code="a">Tintoretto,</marc:subfield>
			<marc:subfield code="d">1518-1594.</marc:subfield>
		</marc:datafield>
		<marc:datafield tag="650" ind1=" " ind2="0">
			<marc:subfield code="a">Art, Italian.</marc:subfield>
		</marc:datafield>
		<marc:datafield tag="650" ind1=" " ind2="7">
			<marc:subfield code="a">Drawings: New Testament.</marc:subfield>
			<marc:subfield code="2">local.</marc:subfield>
		</marc:datafield>
		<marc:datafield tag="655" ind1=" " ind2="7">
			<marc:subfield code="a">Italian School.</marc:subfield>
			<marc:subfield code="2">local.</marc:subfield>
		</marc:datafield>
		<marc:datafield tag="655" ind1=" " ind2="7">
			<marc:subfield code="a">Drawings (visual works)</marc:subfield>
			<marc:subfield code="2">aat</marc:subfield>
			<marc:subfield code="0">http://vocab.getty.edu/aat/300033973</marc:subfield>
		</marc:datafield>
		<marc:datafield tag="655" ind1=" " ind2="7">
			<marc:subfield code="a">Reproductions.</marc:subfield>
			<marc:subfield code="2">aat</marc:subfield>
			<marc:subfield code="0">http://vocab.getty.edu/aat/300015643</marc:subfield>
		</marc:datafield>
		<marc:datafield tag="710" ind1="2" ind2=" ">
			<marc:subfield code="a">Gabinetto disegni e stampe degli Uffizi.</marc:subfield>
		</marc:datafield>
		<marc:datafield tag="710" ind1="2" ind2=" ">
			<marc:subfield code="a">Frick Art Reference Library.</marc:subfield>
		</marc:datafield>
		<marc:datafield tag="792" ind1="1" ind2=" ">
			<marc:subfield code="a">Tintoretto, Jacopo Robusti, Il,</marc:subfield>
			<marc:subfield code="d">1512/1518-1594,</marc:subfield>
			<marc:subfield code="j">copy of.</marc:subfield>
		</marc:datafield>
		<marc:datafield tag="852" ind1="8" ind2=" ">
			<marc:subfield code="a">NNFr</marc:subfield>
			<marc:subfield code="h">Tintoretto, Jacopo Robusti, Il, 700, Adoration of the Magi (drawing)</marc:subfield>
		</marc:datafield>
		<marc:datafield tag="910" ind1=" " ind2=" ">
			<marc:subfield code="a">.b11239359</marc:subfield>
		</marc:datafield>
		<marc:datafield tag="902" ind1=" " ind2=" ">
			<marc:subfield code="a">170302</marc:subfield>
			<marc:subfield code="d">110504</marc:subfield>
		</marc:datafield>
		<marc:datafield tag="996" ind1=" " ind2=" ">
			<marc:subfield code="b">1</marc:subfield>
			<marc:subfield code="c">110504</marc:subfield>
			<marc:subfield code="d">d</marc:subfield>
			<marc:subfield code="e">k</marc:subfield>
			<marc:subfield code="f">-</marc:subfield>
			<marc:subfield code="g">0</marc:subfield>
			<marc:subfield code="l">fpw</marc:subfield>
		</marc:datafield>
		<marc:datafield tag="980" ind1="2" ind2=" ">
			<marc:subfield code="a">CIDOC-CRM mapping example</marc:subfield>
		</marc:datafield>
		<marc:datafield tag="935" ind1=" " ind2=" ">
			<marc:subfield code="a">STAR89050</marc:subfield>
			<marc:subfield code="b">WID89050</marc:subfield>
		</marc:datafield>
		<marc:datafield tag="948" ind1=" " ind2=" ">
			<marc:subfield code="a">LTI 07/20/2012</marc:subfield>
		</marc:datafield>
		<marc:datafield tag="980" ind1="2" ind2=" ">
			<marc:subfield code="a">CIDOC-CRM mapping example</marc:subfield>
		</marc:datafield>
		<marc:datafield tag="980" ind1="4" ind2=" ">
			<marc:subfield code="a">FARL Mounts File</marc:subfield>
		</marc:datafield>
		<marc:datafield tag="980" ind1="5" ind2=" ">
			<marc:subfield code="a">STAR record stamp</marc:subfield>
			<marc:subfield code="b">ruby1</marc:subfield>
			<marc:subfield code="c">2008 06 12</marc:subfield>
			<marc:subfield code="d">ruby1</marc:subfield>
			<marc:subfield code="e">2008 07 22</marc:subfield>
		</marc:datafield>
		<marc:datafield tag="983" ind1=" " ind2=" ">
			<marc:subfield code="a">1</marc:subfield>
			<marc:subfield code="b">reproduction(s).</marc:subfield>
		</marc:datafield>
		<marc:datafield tag="902" ind1=" " ind2=" ">
			<marc:subfield code="d">110504</marc:subfield>
		</marc:datafield>
		<marc:datafield tag="945" ind1=" " ind2=" ">
			<marc:subfield code="a">Tintoretto, Jacopo Robusti, Il, 700, Adoration of the Magi (drawing)</marc:subfield>
			<marc:subfield code="g">1</marc:subfield>
			<marc:subfield code="j">0</marc:subfield>
			<marc:subfield code="l">fpw  </marc:subfield>
			<marc:subfield code="n">Item generated from STAR migration load. 4/11 lilyp</marc:subfield>
			<marc:subfield code="o">x</marc:subfield>
			<marc:subfield code="p">$0.00</marc:subfield>
			<marc:subfield code="q">-</marc:subfield>
			<marc:subfield code="r">-</marc:subfield>
			<marc:subfield code="s">-</marc:subfield>
			<marc:subfield code="t">10</marc:subfield>
			<marc:subfield code="u">0</marc:subfield>
			<marc:subfield code="v">0</marc:subfield>
			<marc:subfield code="w">0</marc:subfield>
			<marc:subfield code="x">0</marc:subfield>
			<marc:subfield code="y">.i21539844</marc:subfield>
			<marc:subfield code="z">110504</marc:subfield>
		</marc:datafield>
	</marc:record>