
	<marc:record>
		<marc:leader>02713nkcaa2200577 a 4500</marc:leader>
		<marc:controlfield tag="001">.b11273562</marc:controlfield>
		<marc:controlfield tag="005">20110429083109.0</marc:controlfield>
		<marc:controlfield tag="006">knnn |||||||||||cn</marc:controlfield>
		<marc:controlfield tag="007">kh mom</marc:controlfield>
		<marc:controlfield tag="008">110429k14551498xx nnn |||||| ||||cneng|d</marc:controlfield>
		<marc:datafield tag="100" ind1="1" ind2=" ">
			<marc:subfield code="a">Pacher, Michael,</marc:subfield>
			<marc:subfield code="d">active 15th century,</marc:subfield>
			<marc:subfield code="e">collaborator.</marc:subfield>
		</marc:datafield>
		<marc:datafield tag="245" ind1="1" ind2="0">
			<marc:subfield code="a">Ceiling Medallions: Madonna and Child and Four Fathers of the Church.</marc:subfield>
		</marc:datafield>
		<marc:datafield tag="260" ind1=" " ind2=" ">
			<marc:subfield code="c">c. 1480.</marc:subfield>
		</marc:datafield>
		<marc:datafield tag="300" ind1="1" ind2=" ">
			<marc:subfield code="e">Graphic reproduction(s) with documentation of a</marc:subfield>
			<marc:subfield code="a">fresco.</marc:subfield>
		</marc:datafield>
		<marc:datafield tag="340" ind1=" " ind2=" ">
			<marc:subfield code="c">fresco.</marc:subfield>
		</marc:datafield>
		<marc:datafield tag="590" ind1="1" ind2=" ">
			<marc:subfield code="a">Convento di Novacella (Sacristy),</marc:subfield>
			<marc:subfield code="b">Bressanone (near),</marc:subfield>
			<marc:subfield code="d">Italy,</marc:subfield>
			<marc:subfield code="g">public.</marc:subfield>
		</marc:datafield>
		<marc:datafield tag="590" ind1="5" ind2=" ">
			<marc:subfield code="a">Collaboration between Michael and Friedrich Pacher.</marc:subfield>
		</marc:datafield>
		<marc:datafield tag="590" ind1="9" ind2=" ">
			<marc:subfield code="a">Photograph,</marc:subfield>
			<marc:subfield code="b">Sansoni</marc:subfield>
			<marc:subfield code="d">25450</marc:subfield>
			<marc:subfield code="f">Good</marc:subfield>
			<marc:subfield code="k">Frick Art Reference Library, New York (FARL) negative</marc:subfield>
			<marc:subfield code="n">m</marc:subfield>
		</marc:datafield>
		<marc:datafield tag="590" ind1="9" ind2=" ">
			<marc:subfield code="a">Digital image,</marc:subfield>
			<marc:subfield code="b">Sansoni</marc:subfield>
			<marc:subfield code="g">25450_POST.tif</marc:subfield>
			<marc:subfield code="k">Frick Art Reference Library, New York (FARL) negative.</marc:subfield>
		</marc:datafield>
		<marc:datafield tag="600" ind1="1" ind2="0">
			<marc:subfield code="a">Pacher, Michael,</marc:subfield>
			<marc:subfield code="d">active 15th century.</marc:subfield>
		</marc:datafield>
		<marc:datafield tag="600" ind1="1" ind2="0">
			<marc:subfield code="a">Pacher, Friedrich,</marc:subfield>
			<marc:subfield code="d">active 15th century. </marc:subfield>
		</marc:datafield>
		<marc:datafield tag="650" ind1=" " ind2="0">
			<marc:subfield code="a">Art, Tyrolese.</marc:subfield>
		</marc:datafield>
		<marc:datafield tag="650" ind1=" " ind2="7">
			<marc:subfield code="a">Frescoes and / or murals.</marc:subfield>
			<marc:subfield code="2">local.</marc:subfield>
		</marc:datafield>
		<marc:datafield tag="655" ind1=" " ind2="7">
			<marc:subfield code="a">Tyrolese School.</marc:subfield>
			<marc:subfield code="2">local.</marc:subfield>
		</marc:datafield>
		<marc:datafield tag="655" ind1=" " ind2="7">
			<marc:subfield code="a">Frescoes (paintings)</marc:subfield>
			<marc:subfield code="2">aat</marc:subfield>
			<marc:subfield code="0">http://vocab.getty.edu/aat/300177433</marc:subfield>
		</marc:datafield>
		<marc:datafield tag="655" ind1=" " ind2="7">
			<marc:subfield code="a">Reproductions.</marc:subfield>
			<marc:subfield code="2">aat</marc:subfield>
			<marc:subfield code="0">http://vocab.getty.edu/aat/300015643</marc:subfield>
		</marc:datafield>
		<marc:datafield tag="655" ind1=" " ind2="7">
			<marc:subfield code="a">Paintings (visual works)</marc:subfield>
			<marc:subfield code="2">aat</marc:subfield>
			<marc:subfield code="0">http://vocab.getty.edu/aat/300033618</marc:subfield>
		</marc:datafield>
		<marc:datafield tag="700" ind1="1" ind2=" ">
			<marc:subfield code="a">Pacher, Friedrich,</marc:subfield>
			<marc:subfield code="d">active 15th century,</marc:subfield>
			<marc:subfield code="e">collaborator.</marc:subfield>
		</marc:datafield>
		<marc:datafield tag="710" ind1="2" ind2=" ">
			<marc:subfield code="a">Convento di Novacella (Sacristy)</marc:subfield>
		</marc:datafield>
		<marc:datafield tag="710" ind1="2" ind2=" ">
			<marc:subfield code="a">Frick Art Reference Library.</marc:subfield>
		</marc:datafield>
		<marc:datafield tag="792" ind1="1" ind2=" ">
			<marc:subfield code="a">Pacher, Michael,</marc:subfield>
			<marc:subfield code="d">c.1435-1498,</marc:subfield>
			<marc:subfield code="e">collaborator.</marc:subfield>
		</marc:datafield>
		<marc:datafield tag="852" ind1="8" ind2=" ">
			<marc:subfield code="a">NNFr</marc:subfield>
			<marc:subfield code="h">Pacher, Michael T912 B75 C83Sa a</marc:subfield>
		</marc:datafield>
		<marc:datafield tag="856" ind1="4" ind2="1">
			<marc:subfield code="u">http://digitalcollections.frick.org/digico/#/details/bibRecordNumber/b11273562/Photoarchive</marc:subfield>
			<marc:subfield code="z">Photoarchive images and documentation</marc:subfield>
		</marc:datafield>
		<marc:datafield tag="910" ind1=" " ind2=" ">
			<marc:subfield code="a">.b11273562</marc:subfield>
		</marc:datafield>
		<marc:datafield tag="902" ind1=" " ind2=" ">
			<marc:subfield code="a">170302</marc:subfield>
			<marc:subfield code="d">110504</marc:subfield>
		</marc:datafield>
		<marc:datafield tag="996" ind1=" " ind2=" ">
			<marc:subfield code="b">2</marc:subfield>
			<marc:subfield code="c">110504</marc:subfield>
			<marc:subfield code="d">d</marc:subfield>
			<marc:subfield code="e">k</marc:subfield>
			<marc:subfield code="f">-</marc:subfield>
			<marc:subfield code="g">0</marc:subfield>
			<marc:subfield code="l">fpw</marc:subfield>
		</marc:datafield>
		<marc:datafield tag="904" ind1=" " ind2=" ">
			<marc:subfield code="a">Record created with funding from</marc:subfield>
			<marc:subfield code="b">ARTstor.</marc:subfield>
		</marc:datafield>
		<marc:datafield tag="906" ind1=" " ind2=" ">
			<marc:subfield code="a">ARTstor</marc:subfield>
		</marc:datafield>
		<marc:datafield tag="935" ind1=" " ind2=" ">
			<marc:subfield code="a">STAR85651</marc:subfield>
			<marc:subfield code="b">WID85651</marc:subfield>
		</marc:datafield>
		<marc:datafield tag="948" ind1=" " ind2=" ">
			<marc:subfield code="a">LTI 07/20/2012</marc:subfield>
		</marc:datafield>
		<marc:datafield tag="949" ind1=" " ind2=" ">
			<marc:subfield code="b">31071000097612</marc:subfield>
		</marc:datafield>
		<marc:datafield tag="980" ind1="2" ind2=" ">
			<marc:subfield code="a">CIDOC-CRM mapping example</marc:subfield>
		</marc:datafield>
		<marc:datafield tag="980" ind1="4" ind2=" ">
			<marc:subfield code="a">FARL Mounts File</marc:subfield>
		</marc:datafield>
		<marc:datafield tag="980" ind1="5" ind2=" ">
			<marc:subfield code="a">STAR record stamp</marc:subfield>
			<marc:subfield code="b">intern</marc:subfield>
			<marc:subfield code="c">2004 02 20</marc:subfield>
			<marc:subfield code="d">EFP</marc:subfield>
			<marc:subfield code="e">2011 04 01</marc:subfield>
		</marc:datafield>
		<marc:datafield tag="982" ind1=" " ind2=" ">
			<marc:subfield code="a">Data exported</marc:subfield>
			<marc:subfield code="b">ARTstor</marc:subfield>
		</marc:datafield>
		<marc:datafield tag="983" ind1=" " ind2=" ">
			<marc:subfield code="a">1</marc:subfield>
			<marc:subfield code="b">reproduction(s).</marc:subfield>
		</marc:datafield>
		<marc:datafield tag="984" ind1="1" ind2=" ">
			<marc:subfield code="a">PFORZ</marc:subfield>
			<marc:subfield code="z">31071000097612</marc:subfield>
			<marc:subfield code="b">AAAAAA1</marc:subfield>
			<marc:subfield code="c">03/09/2009</marc:subfield>
			<marc:subfield code="d">04/19/2010</marc:subfield>
		</marc:datafield>
		<marc:datafield tag="902" ind1=" " ind2=" ">
			<marc:subfield code="d">110504</marc:subfield>
		</marc:datafield>
		<marc:datafield tag="945" ind1=" " ind2=" ">
			<marc:subfield code="a">Pacher, Michael T912 B75 C83Sa a</marc:subfield>
			<marc:subfield code="g">1</marc:subfield>
			<marc:subfield code="j">0</marc:subfield>
			<marc:subfield code="l">fpw  </marc:subfield>
			<marc:subfield code="n">Item generated from STAR migration load. 4/11 lilyp</marc:subfield>
			<marc:subfield code="o">x</marc:subfield>
			<marc:subfield code="p">$0.00</marc:subfield>
			<marc:subfield code="q">-</marc:subfield>
			<marc:subfield code="r">-</marc:subfield>
			<marc:subfield code="s">-</marc:subfield>
			<marc:subfield code="t">10</marc:subfield>
			<marc:subfield code="u">0</marc:subfield>
			<marc:subfield code="v">0</marc:subfield>
			<marc:subfield code="w">0</marc:subfield>
			<marc:subfield code="x">0</marc:subfield>
			<marc:subfield code="y">.i21577687</marc:subfield>
			<marc:subfield code="z">110504</marc:subfield>
		</marc:datafield>
		<marc:datafield tag="902" ind1=" " ind2=" ">
			<marc:subfield code="d">110504</marc:subfield>
		</marc:datafield>
		<marc:datafield tag="945" ind1=" " ind2=" ">
			<marc:subfield code="a">Pacher, Michael T912 B75 C83Sa a</marc:subfield>
			<marc:subfield code="g">1</marc:subfield>
			<marc:subfield code="i">31071000097612</marc:subfield>
			<marc:subfield code="j">0</marc:subfield>
			<marc:subfield code="l">fpw  </marc:subfield>
			<marc:subfield code="n">Item generated from STAR migration load. 4/11 lilyp</marc:subfield>
			<marc:subfield code="o">n</marc:subfield>
			<marc:subfield code="p">$0.00</marc:subfield>
			<marc:subfield code="q">-</marc:subfield>
			<marc:subfield code="r">-</marc:subfield>
			<marc:subfield code="s">-</marc:subfield>
			<marc:subfield code="t">10</marc:subfield>
			<marc:subfield code="u">0</marc:subfield>
			<marc:subfield code="v">0</marc:subfield>
			<marc:subfield code="w">0</marc:subfield>
			<marc:subfield code="x">0</marc:subfield>
			<marc:subfield code="y">.i21577699</marc:subfield>
			<marc:subfield code="z">110504</marc:subfield>
		</marc:datafield>
	</marc:record>