
	<marc:record>
		<marc:leader>06925nkcaa2200901Ka 4500</marc:leader>
		<marc:controlfield tag="001">.b11973067</marc:controlfield>
		<marc:controlfield tag="006">knnn            cn</marc:controlfield>
		<marc:controlfield tag="007">kh mom</marc:controlfield>
		<marc:controlfield tag="008">110105k17601761xx nnn |||||| ||||cneng|d</marc:controlfield>
		<marc:datafield tag="040" ind1=" " ind2=" ">
			<marc:subfield code="a">NNFr </marc:subfield>
			<marc:subfield code="c"> NNFr</marc:subfield>
		</marc:datafield>
		<marc:datafield tag="100" ind1="1" ind2=" ">
			<marc:subfield code="a">Fragonard, Jean-Honoré,</marc:subfield>
			<marc:subfield code="d">1732-1806.</marc:subfield>
		</marc:datafield>
		<marc:datafield tag="245" ind1="1" ind2="0">
			<marc:subfield code="a">Sketchbook: Trip I: Drawings after Frescoes and Paintings in Italy 1760-1761: Volume I: Naples, Rome, Siena: 2: Naples: Church of San Pietro a Majella: Study After Mattia Preti: Mystical Marriage of St. Catherine; Study After Mattia Preti: St. Catherine Struck by Divine Love.</marc:subfield>
		</marc:datafield>
		<marc:datafield tag="246" ind1="1" ind2="3">
			<marc:subfield code="a">Sketchbook: Trip I: Drawings after Frescoes and Paintings in Italy 1760-1761: Volume I: Naples, Rome, Siena: 2: Naples: Plafind de l'Eglise de San Pietro a Majella: Mariage Mystique de Sainte-Catherine d'Alexandrie; La Sainte Frappée par l'Amore Divin.</marc:subfield>
		</marc:datafield>
		<marc:datafield tag="260" ind1=" " ind2=" ">
			<marc:subfield code="c">1760-1761.</marc:subfield>
		</marc:datafield>
		<marc:datafield tag="300" ind1="1" ind2=" ">
			<marc:subfield code="e">Graphic reproduction(s) with documentation of a</marc:subfield>
			<marc:subfield code="a">drawing.</marc:subfield>
		</marc:datafield>
		<marc:datafield tag="340" ind1=" " ind2=" ">
			<marc:subfield code="b">17 3/4 x 13 in. </marc:subfield>
		</marc:datafield>
		<marc:datafield tag="340" ind1=" " ind2=" ">
			<marc:subfield code="b">451 x 330 mm.</marc:subfield>
		</marc:datafield>
		<marc:datafield tag="340" ind1=" " ind2=" ">
			<marc:subfield code="c">black chalk on paper.</marc:subfield>
		</marc:datafield>
		<marc:datafield tag="490" ind1="1" ind2=" ">
			<marc:subfield code="a">Sketchbook: Trip I: Drawings after Frescoes and Paintings in Italy 1760-1761: Volume I: Naples, Rome, Siena.</marc:subfield>
		</marc:datafield>
		<marc:datafield tag="561" ind1=" " ind2=" ">
			<marc:subfield code="a">(f) Abbe Jean Claude Richard de Saint-Non;</marc:subfield>
		</marc:datafield>
		<marc:datafield tag="561" ind1=" " ind2=" ">
			<marc:subfield code="a">(f) Comtesse de Bearn-Behague, Paris, France (began acquiring the drawings in 1894);</marc:subfield>
		</marc:datafield>
		<marc:datafield tag="561" ind1=" " ind2=" ">
			<marc:subfield code="a">(a and f) sold by her in 1927 to Hon. Irwin Laughlin, Meridian House, Washington, District of Columbia;</marc:subfield>
		</marc:datafield>
		<marc:datafield tag="561" ind1=" " ind2=" ">
			<marc:subfield code="a">(f) by descent to his daughter, Mrs. Hubert Chanler, Geneso, New York;</marc:subfield>
		</marc:datafield>
		<marc:datafield tag="561" ind1=" " ind2=" ">
			<marc:subfield code="a">(d and f) Sale, Sotheby’s, London, Laughlin Collection and Other Collections, June 10, 1959, lot 17;</marc:subfield>
		</marc:datafield>
		<marc:datafield tag="561" ind1=" " ind2=" ">
			<marc:subfield code="a">(e and f) purchased by a consortium of dealers including Maggs Brothers, Ltd., London, England;</marc:subfield>
		</marc:datafield>
		<marc:datafield tag="561" ind1=" " ind2=" ">
			<marc:subfield code="a">(f) private collection;</marc:subfield>
		</marc:datafield>
		<marc:datafield tag="561" ind1=" " ind2=" ">
			<marc:subfield code="a">(f) sold in 1970 to Fl. Tulkens, Brussels, Belgium, Bookseller; </marc:subfield>
		</marc:datafield>
		<marc:datafield tag="561" ind1=" " ind2=" ">
			<marc:subfield code="a">(e) sold by the consortium to Norton Simon, Pasadena, California (later the Norton Simon Museum, Pasadena);</marc:subfield>
		</marc:datafield>
		<marc:datafield tag="561" ind1=" " ind2=" ">
			<marc:subfield code="a">(f) The Norton Simon Foundation, Pasadena, California.</marc:subfield>
		</marc:datafield>
		<marc:datafield tag="590" ind1="1" ind2=" ">
			<marc:subfield code="a">Norton Simon Museum,</marc:subfield>
			<marc:subfield code="b">Pasadena,</marc:subfield>
			<marc:subfield code="c">California,</marc:subfield>
			<marc:subfield code="d">United States,</marc:subfield>
			<marc:subfield code="e">The Norton Simon Foundation,</marc:subfield>
			<marc:subfield code="f">F.1970.03.002a-b.D,</marc:subfield>
			<marc:subfield code="g">public.</marc:subfield>
		</marc:datafield>
		<marc:datafield tag="590" ind1="2" ind2=" ">
			<marc:subfield code="a">Title: (a and f) Sketchbook: Trip I: Drawings after Frescoes and Paintings in Italy 1760-1761: Volume I: Naples, Rome, Siena: 2: Naples: Church of San Pietro a Majella: Study After Mattia Preti: Mystical Marriage of St. Catherine; Study After Mattia Preti: St. Catherine Struck by Divine Love. Dimensions: (f) 17 3/4 x 13 in. and 45.1 x 33.0 cm. Medium: (f) Black chalk on paper.</marc:subfield>
		</marc:datafield>
		<marc:datafield tag="590" ind1="3" ind2=" ">
			<marc:subfield code="a">(a) The volumes were bound by Canape and Corriez of Paris.</marc:subfield>
		</marc:datafield>
		<marc:datafield tag="590" ind1="5" ind2=" ">
			<marc:subfield code="a">(g) Frescoes attributed to Calabrese. (f) Frescoes attributed to Mattia Preti.</marc:subfield>
		</marc:datafield>
		<marc:datafield tag="590" ind1="6" ind2=" ">
			<marc:subfield code="a">(b, g) Alternatively titled, Sketchbook: Trip I: Drawings after Frescoes and Paintings in Italy 1760-1761: Volume I: Naples, Rome, Siena: 2: Naples: Plafind de l'Eglise de San Pietro a Majella: Mariage Mystique de Sainte-Catherine d'Alexandrie; La Sainte Frappée par l'Amore Divin.</marc:subfield>
		</marc:datafield>
		<marc:datafield tag="590" ind1="9" ind2=" ">
			<marc:subfield code="a">Photograph,</marc:subfield>
			<marc:subfield code="b">Ira W. Martin</marc:subfield>
			<marc:subfield code="d">31756</marc:subfield>
			<marc:subfield code="e">photographed from, Catalogue Raisonné de Cent Quarante et Un Dessins de Fragonard d'après Fresques et Tableaux en Italie, 1760-1761</marc:subfield>
			<marc:subfield code="k">Frick Art Reference Library, New York (FARL) negative.</marc:subfield>
			<marc:subfield code="n">m</marc:subfield>
		</marc:datafield>
		<marc:datafield tag="590" ind1="9" ind2=" ">
			<marc:subfield code="a">Digital image,</marc:subfield>
			<marc:subfield code="b">Ira W. Martin</marc:subfield>
			<marc:subfield code="g">31756_POST.tif</marc:subfield>
			<marc:subfield code="k">Frick Art Reference Library, New York (FARL) negative.</marc:subfield>
		</marc:datafield>
		<marc:datafield tag="585" ind1=" " ind2=" ">
			<marc:subfield code="a">(e) Many of these Fragonard drawings were shown at the Galerie Beauvau, Paris, in 1960</marc:subfield>
		</marc:datafield>
		<marc:datafield tag="556" ind1=" " ind2=" ">
			<marc:subfield code="a">(a) Katharine McCook Knox, verbally, April 9, 1938.</marc:subfield>
		</marc:datafield>
		<marc:datafield tag="556" ind1=" " ind2=" ">
			<marc:subfield code="a">(b) M. Rotan, verbally, 1938.</marc:subfield>
		</marc:datafield>
		<marc:datafield tag="556" ind1=" " ind2=" ">
			<marc:subfield code="a">(d) Sale, Sotheby's, London. Laughlin Collection and Others. June 10, 1959, lot 17.</marc:subfield>
		</marc:datafield>
		<marc:datafield tag="556" ind1=" " ind2=" ">
			<marc:subfield code="a">(e) Mrs. Jean M. Massengale, verbally, February 10, 1976 and March 25, 1976.</marc:subfield>
		</marc:datafield>
		<marc:datafield tag="556" ind1=" " ind2=" ">
			<marc:subfield code="a">(f) Norton Simon Museum, Pasadena, Website, January 2013.</marc:subfield>
		</marc:datafield>
		<marc:datafield tag="556" ind1=" " ind2=" ">
			<marc:subfield code="a">(g) Laughlin, Irwin B. and A. Bremont. Catalogue raisonné de cent quarante et un dessins de Fragonard d'après fresques et tableaux en Italie, 1760-1761: collection Laughlin à Meridian House, Washington: Catalogue d'un recueil de dessins et d'esquisses par Honoré Fragonard d'apreès des peintures, des sculptures et des motifs d'architecture en Italie (1773-1774). 1933?.</marc:subfield>
		</marc:datafield>
		<marc:datafield tag="600" ind1="1" ind2="0">
			<marc:subfield code="a">Fragonard, Jean-Honoré,</marc:subfield>
			<marc:subfield code="d">1732-1806.</marc:subfield>
		</marc:datafield>
		<marc:datafield tag="600" ind1="1" ind2="0">
			<marc:subfield code="a">Calabrese.</marc:subfield>
		</marc:datafield>
		<marc:datafield tag="600" ind1="1" ind2="0">
			<marc:subfield code="a">Preti, Mattia,</marc:subfield>
			<marc:subfield code="d">1613-1699.</marc:subfield>
		</marc:datafield>
		<marc:datafield tag="650" ind1=" " ind2="0">
			<marc:subfield code="a">Art, French.</marc:subfield>
		</marc:datafield>
		<marc:datafield tag="650" ind1=" " ind2="7">
			<marc:subfield code="a">Drawings: Not classifiable.</marc:subfield>
			<marc:subfield code="2">local.</marc:subfield>
		</marc:datafield>
		<marc:datafield tag="655" ind1=" " ind2="7">
			<marc:subfield code="a">French School.</marc:subfield>
			<marc:subfield code="2">local.</marc:subfield>
		</marc:datafield>
		<marc:datafield tag="655" ind1=" " ind2="7">
			<marc:subfield code="a">Drawings (visual works)</marc:subfield>
			<marc:subfield code="2">aat</marc:subfield>
			<marc:subfield code="0">http://vocab.getty.edu/aat/300033973</marc:subfield>
		</marc:datafield>
		<marc:datafield tag="655" ind1=" " ind2="7">
			<marc:subfield code="a">Reproductions.</marc:subfield>
			<marc:subfield code="2">aat</marc:subfield>
			<marc:subfield code="0">http://vocab.getty.edu/aat/300015643</marc:subfield>
		</marc:datafield>
		<marc:datafield tag="700" ind1="1" ind2=" ">
			<marc:subfield code="a">Calabrese,</marc:subfield>
			<marc:subfield code="j">copy of,</marc:subfield>
			<marc:subfield code="e">former attribution.</marc:subfield>
		</marc:datafield>
		<marc:datafield tag="700" ind1="1" ind2=" ">
			<marc:subfield code="a">Preti, Mattia,</marc:subfield>
			<marc:subfield code="d">1613-1699,</marc:subfield>
			<marc:subfield code="j">copy of,</marc:subfield>
			<marc:subfield code="e">alternate attribution.</marc:subfield>
		</marc:datafield>
		<marc:datafield tag="710" ind1="2" ind2=" ">
			<marc:subfield code="a">Norton Simon Museum (Pasadena, Calif.)</marc:subfield>
		</marc:datafield>
		<marc:datafield tag="710" ind1="2" ind2=" ">
			<marc:subfield code="a">Frick Art Reference Library.</marc:subfield>
		</marc:datafield>
		<marc:datafield tag="773" ind1="0" ind2=" ">
			<marc:subfield code="t">Sketchbook: Trip I: Drawings after Frescoes and Paintings in Italy 1760-1761: Volume I: Naples, Rome, Siena.</marc:subfield>
		</marc:datafield>
		<marc:datafield tag="792" ind1="1" ind2=" ">
			<marc:subfield code="a">Fragonard, Jean Honoré,</marc:subfield>
			<marc:subfield code="d">1732-1806.</marc:subfield>
		</marc:datafield>
		<marc:datafield tag="830" ind1=" " ind2="0">
			<marc:subfield code="a">Sketchbook: Trip I: Drawings after Frescoes and Paintings in Italy 1760-1761: Volume I: Naples, Rome, Siena.</marc:subfield>
		</marc:datafield>
		<marc:datafield tag="852" ind1="8" ind2=" ">
			<marc:subfield code="a">NNFr</marc:subfield>
			<marc:subfield code="h">Fragonard, Jean Honoré, 500, Sketchbook: Trip I: Drawings after Frescoes and Paintings in Italy 1760-1761: Volume I: Naples, Rome, Siena: 2: Naples: Church of San Pietro a Majella: Study After Mattia Preti: Mystical Marriage of St. Catherine; Study After Mattia Preti: St. Catherine Struck by Divine Love</marc:subfield>
			<marc:subfield code="x">kp </marc:subfield>
		</marc:datafield>
		<marc:datafield tag="856" ind1="4" ind2="1">
			<marc:subfield code="u">http://www.nortonsimon.org/collections/adv_search.php?resultnum=90&amp;req=advsearch</marc:subfield>
			<marc:subfield code="z">Norton Simon Museum</marc:subfield>
		</marc:datafield>
		<marc:datafield tag="856" ind1="4" ind2="1">
			<marc:subfield code="u">http://digitalcollections.frick.org/digico/#/details/bibRecordNumber/b11973067/Photoarchive</marc:subfield>
			<marc:subfield code="z">Photoarchive images and documentation</marc:subfield>
		</marc:datafield>
		<marc:datafield tag="910" ind1=" " ind2=" ">
			<marc:subfield code="a">.b11973067</marc:subfield>
		</marc:datafield>
		<marc:datafield tag="902" ind1=" " ind2=" ">
			<marc:subfield code="a">170302</marc:subfield>
			<marc:subfield code="d">130107</marc:subfield>
		</marc:datafield>
		<marc:datafield tag="996" ind1=" " ind2=" ">
			<marc:subfield code="b">2</marc:subfield>
			<marc:subfield code="c">130107</marc:subfield>
			<marc:subfield code="d">d</marc:subfield>
			<marc:subfield code="e">k</marc:subfield>
			<marc:subfield code="f">-</marc:subfield>
			<marc:subfield code="g">0</marc:subfield>
			<marc:subfield code="l">fpw</marc:subfield>
		</marc:datafield>
		<marc:datafield tag="904" ind1=" " ind2=" ">
			<marc:subfield code="a">Record created with funding from The</marc:subfield>
			<marc:subfield code="b">National Endowment for the Humanities. </marc:subfield>
		</marc:datafield>
		<marc:datafield tag="906" ind1=" " ind2=" ">
			<marc:subfield code="a">NEH2</marc:subfield>
		</marc:datafield>
		<marc:datafield tag="948" ind1=" " ind2=" ">
			<marc:subfield code="a">LTI 04/03/2013</marc:subfield>
		</marc:datafield>
		<marc:datafield tag="949" ind1=" " ind2=" ">
			<marc:subfield code="b">3107100083608</marc:subfield>
		</marc:datafield>
		<marc:datafield tag="980" ind1="2" ind2=" ">
			<marc:subfield code="a">Title, dimemsions and medium change.</marc:subfield>
		</marc:datafield>
		<marc:datafield tag="980" ind1="2" ind2=" ">
			<marc:subfield code="a">CIDOC-CRM mapping example</marc:subfield>
		</marc:datafield>
		<marc:datafield tag="980" ind1="4" ind2=" ">
			<marc:subfield code="a">FARL Mounts File</marc:subfield>
		</marc:datafield>
		<marc:datafield tag="981" ind1=" " ind2=" ">
			<marc:subfield code="c">01/07/2013</marc:subfield>
		</marc:datafield>
		<marc:datafield tag="983" ind1=" " ind2=" ">
			<marc:subfield code="a">1</marc:subfield>
			<marc:subfield code="b">reproduction(s).</marc:subfield>
		</marc:datafield>
		<marc:datafield tag="984" ind1="2" ind2=" ">
			<marc:subfield code="a">NEH2</marc:subfield>
			<marc:subfield code="z">3107100083608</marc:subfield>
			<marc:subfield code="b">01/07/2013</marc:subfield>
			<marc:subfield code="c">from photograph and card</marc:subfield>
			<marc:subfield code="d"> 01/28/2013</marc:subfield>
			<marc:subfield code="e">yes</marc:subfield>
			<marc:subfield code="f">01/31/2013</marc:subfield>
			<marc:subfield code="g">no</marc:subfield>
		</marc:datafield>
		<marc:datafield tag="902" ind1=" " ind2=" ">
			<marc:subfield code="d">130107</marc:subfield>
		</marc:datafield>
		<marc:datafield tag="945" ind1=" " ind2=" ">
			<marc:subfield code="g">1</marc:subfield>
			<marc:subfield code="i">3107100083608</marc:subfield>
			<marc:subfield code="j">0</marc:subfield>
			<marc:subfield code="l">fpw  </marc:subfield>
			<marc:subfield code="o">n</marc:subfield>
			<marc:subfield code="p">$0.00</marc:subfield>
			<marc:subfield code="q">-</marc:subfield>
			<marc:subfield code="r">-</marc:subfield>
			<marc:subfield code="s">-</marc:subfield>
			<marc:subfield code="t">10</marc:subfield>
			<marc:subfield code="u">0</marc:subfield>
			<marc:subfield code="v">0</marc:subfield>
			<marc:subfield code="w">0</marc:subfield>
			<marc:subfield code="x">0</marc:subfield>
			<marc:subfield code="y">.i22462569</marc:subfield>
			<marc:subfield code="z">130107</marc:subfield>
		</marc:datafield>
		<marc:datafield tag="902" ind1=" " ind2=" ">
			<marc:subfield code="d">130107</marc:subfield>
		</marc:datafield>
		<marc:datafield tag="945" ind1=" " ind2=" ">
			<marc:subfield code="a">Fragonard, Jean Honoré, 500, Sketchbook: Trip I: Drawings after Frescoes and Paintings in Italy 1760-1761: Volume I: Naples, Rome, Siena: 2: Naples: Church of San Pietro a Majella: Study After Mattia Preti: Mystical Marriage of St. Catherine; Study After Mattia Preti: St. Catherine Struck by Divine Love </marc:subfield>
			<marc:subfield code="g">1</marc:subfield>
			<marc:subfield code="j">0</marc:subfield>
			<marc:subfield code="l">fpw  </marc:subfield>
			<marc:subfield code="o">x</marc:subfield>
			<marc:subfield code="p">$0.00</marc:subfield>
			<marc:subfield code="q">-</marc:subfield>
			<marc:subfield code="r">-</marc:subfield>
			<marc:subfield code="s">-</marc:subfield>
			<marc:subfield code="t">10</marc:subfield>
			<marc:subfield code="u">0</marc:subfield>
			<marc:subfield code="v">0</marc:subfield>
			<marc:subfield code="w">0</marc:subfield>
			<marc:subfield code="x">0</marc:subfield>
			<marc:subfield code="y">.i22462582</marc:subfield>
			<marc:subfield code="z">130107</marc:subfield>
		</marc:datafield>
	</marc:record>