
	<marc:record>
		<marc:leader>02659nkcaa2200517Ka 4500</marc:leader>
		<marc:controlfield tag="001">.b12948251</marc:controlfield>
		<marc:controlfield tag="006">knnn            cn</marc:controlfield>
		<marc:controlfield tag="007">kh mom</marc:controlfield>
		<marc:controlfield tag="008">130910k16001620xx nnn |||||  ||||cneng|d</marc:controlfield>
		<marc:datafield tag="040" ind1=" " ind2=" ">
			<marc:subfield code="a">NNFr </marc:subfield>
			<marc:subfield code="c"> NNFr</marc:subfield>
		</marc:datafield>
		<marc:datafield tag="100" ind1="0" ind2=" ">
			<marc:subfield code="a">Anonymous,</marc:subfield>
			<marc:subfield code="c">Spanish School,</marc:subfield>
			<marc:subfield code="d">active 17th century.</marc:subfield>
		</marc:datafield>
		<marc:datafield tag="245" ind1="1" ind2="0">
			<marc:subfield code="a">Lady in a Ruff and Green Dress.</marc:subfield>
		</marc:datafield>
		<marc:datafield tag="260" ind1=" " ind2=" ">
			<marc:subfield code="c">c.1600-1620.</marc:subfield>
		</marc:datafield>
		<marc:datafield tag="300" ind1="1" ind2=" ">
			<marc:subfield code="e"> Graphic reproduction(s) with documentation of a </marc:subfield>
			<marc:subfield code="a">miniature.</marc:subfield>
		</marc:datafield>
		<marc:datafield tag="340" ind1=" " ind2=" ">
			<marc:subfield code="b">2 3/8 x 1 3/4 in.</marc:subfield>
		</marc:datafield>
		<marc:datafield tag="340" ind1=" " ind2=" ">
			<marc:subfield code="c">oil on copper.</marc:subfield>
		</marc:datafield>
		<marc:datafield tag="561" ind1=" " ind2=" ">
			<marc:subfield code="a">Rosenbach Museum and Library, Philadelphia (1954.0630.048).</marc:subfield>
		</marc:datafield>
		<marc:datafield tag="590" ind1="1" ind2=" ">
			<marc:subfield code="a">Rosenbach Museum and Library,</marc:subfield>
			<marc:subfield code="b">Philadelphia,</marc:subfield>
			<marc:subfield code="c">Pennsylvania,</marc:subfield>
			<marc:subfield code="d">United States,</marc:subfield>
			<marc:subfield code="f">1954.0630.048,</marc:subfield>
			<marc:subfield code="g">public.</marc:subfield>
		</marc:datafield>
		<marc:datafield tag="590" ind1="4" ind2=" ">
			<marc:subfield code="a">Brown hair pulled up with a white band and red flower. Green dress with a white front and green buttons. White lace ruff.</marc:subfield>
		</marc:datafield>
		<marc:datafield tag="590" ind1="5" ind2=" ">
			<marc:subfield code="a">Previously attributed to Bartolomé González.</marc:subfield>
		</marc:datafield>
		<marc:datafield tag="590" ind1="9" ind2=" ">
			<marc:subfield code="a">Photograph,</marc:subfield>
			<marc:subfield code="b">Rosenbach Museum and Library, Philadelphia, digital print</marc:subfield>
			<marc:subfield code="c">1954.0630.048.jpg</marc:subfield>
			<marc:subfield code="j">Purchase,</marc:subfield>
			<marc:subfield code="k">Rosenbach Museum and Library, Philadelphia,</marc:subfield>
			<marc:subfield code="l">October 19, 2012,</marc:subfield>
			<marc:subfield code="m">(color).</marc:subfield>
			<marc:subfield code="n">m</marc:subfield>
		</marc:datafield>
		<marc:datafield tag="590" ind1="9" ind2=" ">
			<marc:subfield code="a">Digital image,</marc:subfield>
			<marc:subfield code="g">FPA003753.tif</marc:subfield>
			<marc:subfield code="h">digital file</marc:subfield>
			<marc:subfield code="j">Purchase,</marc:subfield>
			<marc:subfield code="k">Rosenbach Museum and Library, Philadelphia,</marc:subfield>
			<marc:subfield code="l">October 19, 2012.</marc:subfield>
			<marc:subfield code="n">1954.0630.048.jpg</marc:subfield>
		</marc:datafield>
		<marc:datafield tag="556" ind1=" " ind2=" ">
			<marc:subfield code="a">Rosenbach Museum and Library, Philadelphia, Online Object Catalog, April 2014.</marc:subfield>
		</marc:datafield>
		<marc:datafield tag="600" ind1="0" ind2="0">
			<marc:subfield code="a">Anonymous,</marc:subfield>
			<marc:subfield code="c">Spanish School,</marc:subfield>
			<marc:subfield code="d">active 17th century.</marc:subfield>
		</marc:datafield>
		<marc:datafield tag="600" ind1="1" ind2="0">
			<marc:subfield code="a">González, Bartolomé,</marc:subfield>
			<marc:subfield code="d">1564-1627 or 1628.</marc:subfield>
		</marc:datafield>
		<marc:datafield tag="650" ind1=" " ind2="0">
			<marc:subfield code="a">Art, Spanish.</marc:subfield>
		</marc:datafield>
		<marc:datafield tag="650" ind1=" " ind2="7">
			<marc:subfield code="a">Miniatures: Portraits: Women.</marc:subfield>
			<marc:subfield code="2">local.</marc:subfield>
		</marc:datafield>
		<marc:datafield tag="655" ind1=" " ind2="7">
			<marc:subfield code="a">Spanish School.</marc:subfield>
			<marc:subfield code="2">local.</marc:subfield>
		</marc:datafield>
		<marc:datafield tag="655" ind1=" " ind2="7">
			<marc:subfield code="a">Paintings (visual works)</marc:subfield>
			<marc:subfield code="2">aat</marc:subfield>
			<marc:subfield code="0">http://vocab.getty.edu/aat/300033618</marc:subfield>
		</marc:datafield>
		<marc:datafield tag="655" ind1=" " ind2="7">
			<marc:subfield code="a">Miniatures (paintings)</marc:subfield>
			<marc:subfield code="2">aat.</marc:subfield>
		</marc:datafield>
		<marc:datafield tag="655" ind1=" " ind2="7">
			<marc:subfield code="a">Reproductions.</marc:subfield>
			<marc:subfield code="2">aat</marc:subfield>
			<marc:subfield code="0">http://vocab.getty.edu/aat/300015643</marc:subfield>
		</marc:datafield>
		<marc:datafield tag="700" ind1="1" ind2=" ">
			<marc:subfield code="a">González, Bartolomé,</marc:subfield>
			<marc:subfield code="d">1564-1627 or 1628,</marc:subfield>
			<marc:subfield code="e">former attribution.</marc:subfield>
		</marc:datafield>
		<marc:datafield tag="710" ind1="2" ind2=" ">
			<marc:subfield code="a">Rosenbach Museum &amp; Library.</marc:subfield>
		</marc:datafield>
		<marc:datafield tag="710" ind1="2" ind2=" ">
			<marc:subfield code="a">Frick Art Reference Library.</marc:subfield>
		</marc:datafield>
		<marc:datafield tag="792" ind1="0" ind2=" ">
			<marc:subfield code="a">Spanish School (17th century),</marc:subfield>
			<marc:subfield code="d">17th C.</marc:subfield>
		</marc:datafield>
		<marc:datafield tag="852" ind1="8" ind2=" ">
			<marc:subfield code="a">NNFr</marc:subfield>
			<marc:subfield code="h">Spanish School (17th century), 800, Lady in a Ruff and Green Dress</marc:subfield>
			<marc:subfield code="x">kp </marc:subfield>
		</marc:datafield>
		<marc:datafield tag="856" ind1="4" ind2="1">
			<marc:subfield code="u">http://rosenbach.pastperfect-online.com/32739cgi/mweb.exe?request=record;id=96DA90A1-2061-4EAB-9798-497036928426;type=101</marc:subfield>
			<marc:subfield code="z">Rosenbach Museum &amp; Library</marc:subfield>
		</marc:datafield>
		<marc:datafield tag="910" ind1=" " ind2=" ">
			<marc:subfield code="a">.b12948251</marc:subfield>
		</marc:datafield>
		<marc:datafield tag="902" ind1=" " ind2=" ">
			<marc:subfield code="a">170302</marc:subfield>
			<marc:subfield code="d">140430</marc:subfield>
		</marc:datafield>
		<marc:datafield tag="996" ind1=" " ind2=" ">
			<marc:subfield code="b">0</marc:subfield>
			<marc:subfield code="c">140430</marc:subfield>
			<marc:subfield code="d">d</marc:subfield>
			<marc:subfield code="e">k</marc:subfield>
			<marc:subfield code="f">-</marc:subfield>
			<marc:subfield code="g">0</marc:subfield>
			<marc:subfield code="l">fpw</marc:subfield>
		</marc:datafield>
		<marc:datafield tag="980" ind1="2" ind2=" ">
			<marc:subfield code="a">CIDOC-CRM mapping example</marc:subfield>
		</marc:datafield>
		<marc:datafield tag="980" ind1="4" ind2=" ">
			<marc:subfield code="a">FARL Mounts File</marc:subfield>
		</marc:datafield>
		<marc:datafield tag="948" ind1=" " ind2=" ">
			<marc:subfield code="a">LTI 06/30/2014</marc:subfield>
		</marc:datafield>
		<marc:datafield tag="983" ind1=" " ind2=" ">
			<marc:subfield code="a">1</marc:subfield>
			<marc:subfield code="b"> reproduction(s).</marc:subfield>
		</marc:datafield>
		<marc:datafield tag="902" ind1=" " ind2=" ">
			<marc:subfield code="d">140430</marc:subfield>
		</marc:datafield>
		<marc:datafield tag="945" ind1=" " ind2=" ">
			<marc:subfield code="a">Spanish School (17th century), 800, Lady in a Ruff and Green Dress</marc:subfield>
			<marc:subfield code="g">1</marc:subfield>
			<marc:subfield code="j">0</marc:subfield>
			<marc:subfield code="l">fpw  </marc:subfield>
			<marc:subfield code="o">x</marc:subfield>
			<marc:subfield code="p">$0.00</marc:subfield>
			<marc:subfield code="q">-</marc:subfield>
			<marc:subfield code="r">-</marc:subfield>
			<marc:subfield code="s">-</marc:subfield>
			<marc:subfield code="t">10</marc:subfield>
			<marc:subfield code="u">0</marc:subfield>
			<marc:subfield code="v">0</marc:subfield>
			<marc:subfield code="w">0</marc:subfield>
			<marc:subfield code="x">0</marc:subfield>
			<marc:subfield code="y">.i22945647</marc:subfield>
			<marc:subfield code="z">140430</marc:subfield>
		</marc:datafield>
	</marc:record>