
	<marc:record>
		<marc:leader>02903nkcaa2200493Ka 4500</marc:leader>
		<marc:controlfield tag="001">.b13128371</marc:controlfield>
		<marc:controlfield tag="006">knnn            cn</marc:controlfield>
		<marc:controlfield tag="007">kh mom</marc:controlfield>
		<marc:controlfield tag="008">130910k15001599xx nnn |||||  ||||cneng|d</marc:controlfield>
		<marc:datafield tag="040" ind1=" " ind2=" ">
			<marc:subfield code="a">NNFr </marc:subfield>
			<marc:subfield code="c"> NNFr</marc:subfield>
		</marc:datafield>
		<marc:datafield tag="100" ind1="0" ind2=" ">
			<marc:subfield code="a">Anonymous,</marc:subfield>
			<marc:subfield code="c">French School,</marc:subfield>
			<marc:subfield code="d">active 16th century,</marc:subfield>
			<marc:subfield code="j">attributed to.</marc:subfield>
		</marc:datafield>
		<marc:datafield tag="245" ind1="1" ind2="0">
			<marc:subfield code="a">Unidentified Male Saint (Traditionally Identified as St. Joseph or John the Baptist).</marc:subfield>
		</marc:datafield>
		<marc:datafield tag="300" ind1="1" ind2=" ">
			<marc:subfield code="e"> Graphic reproduction(s) with documentation of a </marc:subfield>
			<marc:subfield code="a">sculpture.</marc:subfield>
		</marc:datafield>
		<marc:datafield tag="340" ind1=" " ind2=" ">
			<marc:subfield code="b">approximately 25 in. high.</marc:subfield>
		</marc:datafield>
		<marc:datafield tag="340" ind1=" " ind2=" ">
			<marc:subfield code="c">limewood with polychromy.</marc:subfield>
		</marc:datafield>
		<marc:datafield tag="561" ind1=" " ind2=" ">
			<marc:subfield code="a">Rosenbach Museum and Library, Philadelphia (1954.1945.002).</marc:subfield>
		</marc:datafield>
		<marc:datafield tag="590" ind1="1" ind2=" ">
			<marc:subfield code="a">Rosenbach Museum and Library,</marc:subfield>
			<marc:subfield code="b">Philadelphia,</marc:subfield>
			<marc:subfield code="c">Pennsylvania,</marc:subfield>
			<marc:subfield code="d">United States,</marc:subfield>
			<marc:subfield code="f">1954.1945.002,</marc:subfield>
			<marc:subfield code="g">public.</marc:subfield>
		</marc:datafield>
		<marc:datafield tag="590" ind1="3" ind2=" ">
			<marc:subfield code="a">The arms have been lost, and the once colorful gilding as well as green and red paint (visible in parts on the statue and rod) have mostly worn away.</marc:subfield>
		</marc:datafield>
		<marc:datafield tag="590" ind1="5" ind2=" ">
			<marc:subfield code="a">Alternatively attributed to the Italian School.</marc:subfield>
		</marc:datafield>
		<marc:datafield tag="590" ind1="9" ind2=" ">
			<marc:subfield code="a">Photograph,</marc:subfield>
			<marc:subfield code="b">Rosenbach Museum and Library, Philadelphia, digital print</marc:subfield>
			<marc:subfield code="c">1954.1945.002.jpg</marc:subfield>
			<marc:subfield code="j">Purchase,</marc:subfield>
			<marc:subfield code="k">Rosenbach Museum and Library, Philadelphia,</marc:subfield>
			<marc:subfield code="l">October 19, 2012,</marc:subfield>
			<marc:subfield code="m">(color).</marc:subfield>
			<marc:subfield code="n">m</marc:subfield>
		</marc:datafield>
		<marc:datafield tag="590" ind1="9" ind2=" ">
			<marc:subfield code="a">Digital image,</marc:subfield>
			<marc:subfield code="g">FPA004236.tif</marc:subfield>
			<marc:subfield code="h">digital file</marc:subfield>
			<marc:subfield code="j">Purchase,</marc:subfield>
			<marc:subfield code="k">Rosenbach Museum and Library, Philadelphia,</marc:subfield>
			<marc:subfield code="l">October 19, 2012.</marc:subfield>
			<marc:subfield code="n">1954.1945.002.jpg</marc:subfield>
		</marc:datafield>
		<marc:datafield tag="556" ind1=" " ind2=" ">
			<marc:subfield code="a">Rosenbach Museum and Library, Philadelphia, Online Object Catalog, June 2014.</marc:subfield>
		</marc:datafield>
		<marc:datafield tag="600" ind1="0" ind2="0">
			<marc:subfield code="a">Anonymous,</marc:subfield>
			<marc:subfield code="c">French School,</marc:subfield>
			<marc:subfield code="d">active 16th century.</marc:subfield>
		</marc:datafield>
		<marc:datafield tag="600" ind1="0" ind2="0">
			<marc:subfield code="a">Anonymous,</marc:subfield>
			<marc:subfield code="c">Italian School,</marc:subfield>
			<marc:subfield code="d">active 16th century.</marc:subfield>
		</marc:datafield>
		<marc:datafield tag="650" ind1=" " ind2="0">
			<marc:subfield code="a">Art, French.</marc:subfield>
		</marc:datafield>
		<marc:datafield tag="650" ind1=" " ind2="7">
			<marc:subfield code="a">Sculpture: Saints and angels: Single figures: Male.</marc:subfield>
			<marc:subfield code="2">local.</marc:subfield>
		</marc:datafield>
		<marc:datafield tag="655" ind1=" " ind2="7">
			<marc:subfield code="a">French School.</marc:subfield>
			<marc:subfield code="2">local.</marc:subfield>
		</marc:datafield>
		<marc:datafield tag="655" ind1=" " ind2="7">
			<marc:subfield code="a">Sculpture (visual work)</marc:subfield>
			<marc:subfield code="2">aat</marc:subfield>
			<marc:subfield code="0">http://vocab.getty.edu/aat/300047090</marc:subfield>
		</marc:datafield>
		<marc:datafield tag="655" ind1=" " ind2="7">
			<marc:subfield code="a">Reproductions.</marc:subfield>
			<marc:subfield code="2">aat</marc:subfield>
			<marc:subfield code="0">http://vocab.getty.edu/aat/300015643</marc:subfield>
		</marc:datafield>
		<marc:datafield tag="700" ind1="0" ind2=" ">
			<marc:subfield code="a">Anonymous,</marc:subfield>
			<marc:subfield code="c">Italian School,</marc:subfield>
			<marc:subfield code="d">active 16th century,</marc:subfield>
			<marc:subfield code="j">attributed to,</marc:subfield>
			<marc:subfield code="e">alternate attribution.</marc:subfield>
		</marc:datafield>
		<marc:datafield tag="710" ind1="2" ind2=" ">
			<marc:subfield code="a">Rosenbach Museum &amp; Library.</marc:subfield>
		</marc:datafield>
		<marc:datafield tag="710" ind1="2" ind2=" ">
			<marc:subfield code="a">Frick Art Reference Library.</marc:subfield>
		</marc:datafield>
		<marc:datafield tag="792" ind1="0" ind2=" ">
			<marc:subfield code="a">French School (16th century),</marc:subfield>
			<marc:subfield code="d">16th C.,</marc:subfield>
			<marc:subfield code="j">attributed to.</marc:subfield>
		</marc:datafield>
		<marc:datafield tag="852" ind1="8" ind2=" ">
			<marc:subfield code="a">NNFr</marc:subfield>
			<marc:subfield code="h">French School (16th century), S 500, Unidentified Male Saint (Traditionally Identified as St. Joseph or John the Baptist) (sculpture)</marc:subfield>
			<marc:subfield code="x">kp </marc:subfield>
		</marc:datafield>
		<marc:datafield tag="856" ind1="4" ind2="1">
			<marc:subfield code="u">http://rosenbach.pastperfect-online.com/32739cgi/mweb.exe?request=record;id=7E5709B0-B4D9-4E56-837A-142232904720;type=101</marc:subfield>
			<marc:subfield code="z">Rosenbach Museum &amp; Library</marc:subfield>
		</marc:datafield>
		<marc:datafield tag="910" ind1=" " ind2=" ">
			<marc:subfield code="a">.b13128371</marc:subfield>
		</marc:datafield>
		<marc:datafield tag="902" ind1=" " ind2=" ">
			<marc:subfield code="a">170302</marc:subfield>
			<marc:subfield code="d">140603</marc:subfield>
		</marc:datafield>
		<marc:datafield tag="996" ind1=" " ind2=" ">
			<marc:subfield code="b">0</marc:subfield>
			<marc:subfield code="c">140603</marc:subfield>
			<marc:subfield code="d">d</marc:subfield>
			<marc:subfield code="e">k</marc:subfield>
			<marc:subfield code="f">-</marc:subfield>
			<marc:subfield code="g">0</marc:subfield>
			<marc:subfield code="l">fpw</marc:subfield>
		</marc:datafield>
		<marc:datafield tag="948" ind1=" " ind2=" ">
			<marc:subfield code="a">LTI 06/30/2014</marc:subfield>
		</marc:datafield>
		<marc:datafield tag="980" ind1="2" ind2=" ">
			<marc:subfield code="a">CIDOC-CRM mapping example</marc:subfield>
		</marc:datafield>
		<marc:datafield tag="983" ind1=" " ind2=" ">
			<marc:subfield code="a">1</marc:subfield>
			<marc:subfield code="b"> reproduction(s).</marc:subfield>
		</marc:datafield>
		<marc:datafield tag="980" ind1="4" ind2=" ">
			<marc:subfield code="a">FARL Mounts File</marc:subfield>
		</marc:datafield>
		<marc:datafield tag="902" ind1=" " ind2=" ">
			<marc:subfield code="d">140603</marc:subfield>
		</marc:datafield>
		<marc:datafield tag="945" ind1=" " ind2=" ">
			<marc:subfield code="a">French School (16th century), S 500, Unidentified Male Saint (Traditionally Identified as St. Joseph or John the Baptist) (sculpture)</marc:subfield>
			<marc:subfield code="g">1</marc:subfield>
			<marc:subfield code="j">0</marc:subfield>
			<marc:subfield code="l">fpw  </marc:subfield>
			<marc:subfield code="o">x</marc:subfield>
			<marc:subfield code="p">$0.00</marc:subfield>
			<marc:subfield code="q">-</marc:subfield>
			<marc:subfield code="r">-</marc:subfield>
			<marc:subfield code="s">-</marc:subfield>
			<marc:subfield code="t">10</marc:subfield>
			<marc:subfield code="u">0</marc:subfield>
			<marc:subfield code="v">0</marc:subfield>
			<marc:subfield code="w">0</marc:subfield>
			<marc:subfield code="x">0</marc:subfield>
			<marc:subfield code="y">.i23118106</marc:subfield>
			<marc:subfield code="z">140603</marc:subfield>
		</marc:datafield>
	</marc:record>