
	<marc:record>
		<marc:leader>03756nkcaa2200613Ka 4500</marc:leader>
		<marc:controlfield tag="001">.b13653532</marc:controlfield>
		<marc:controlfield tag="006">knnn            cn</marc:controlfield>
		<marc:controlfield tag="007">kh mom</marc:controlfield>
		<marc:controlfield tag="008">130910k14551458xx nnn |||||  ||||cneng|d</marc:controlfield>
		<marc:datafield tag="040" ind1=" " ind2=" ">
			<marc:subfield code="a">NNFr </marc:subfield>
			<marc:subfield code="c"> NNFr</marc:subfield>
		</marc:datafield>
		<marc:datafield tag="100" ind1="1" ind2=" ">
			<marc:subfield code="a">Rossellino, Bernardo,</marc:subfield>
			<marc:subfield code="d">1409-1464,</marc:subfield>
			<marc:subfield code="e">contributor.</marc:subfield>
		</marc:datafield>
		<marc:datafield tag="245" ind1="1" ind2="0">
			<marc:subfield code="a">Tomb of Orlando dei Medici.</marc:subfield>
		</marc:datafield>
		<marc:datafield tag="260" ind1=" " ind2=" ">
			<marc:subfield code="c">1455-1458.</marc:subfield>
		</marc:datafield>
		<marc:datafield tag="300" ind1="1" ind2=" ">
			<marc:subfield code="e"> Graphic reproduction(s) with documentation of a </marc:subfield>
			<marc:subfield code="a">sculpture.</marc:subfield>
		</marc:datafield>
		<marc:datafield tag="340" ind1=" " ind2=" ">
			<marc:subfield code="c">marble.</marc:subfield>
		</marc:datafield>
		<marc:datafield tag="561" ind1=" " ind2=" ">
			<marc:subfield code="a">(b,c) Church of the Annunziata, Florence (Santissima Annunziata).</marc:subfield>
		</marc:datafield>
		<marc:datafield tag="590" ind1="1" ind2=" ">
			<marc:subfield code="a">Santissima Annunziata,</marc:subfield>
			<marc:subfield code="b">Florence,</marc:subfield>
			<marc:subfield code="d">Italy,</marc:subfield>
			<marc:subfield code="g">public.</marc:subfield>
		</marc:datafield>
		<marc:datafield tag="590" ind1="5" ind2=" ">
			<marc:subfield code="a">(b) Bernardo Rossellino; (c) left putto possibly by Domenico Rossellino; (c) right putto by Antonio Rossellino; (c) right and left lions by an assistant of Bernardo Rossellino.</marc:subfield>
		</marc:datafield>
		<marc:datafield tag="590" ind1="9" ind2=" ">
			<marc:subfield code="a">Photograph,</marc:subfield>
			<marc:subfield code="b">Alinari, Florence</marc:subfield>
			<marc:subfield code="c">29374</marc:subfield>
			<marc:subfield code="j">Purchase,</marc:subfield>
			<marc:subfield code="k">bAlinari, Florence,</marc:subfield>
			<marc:subfield code="l">1930</marc:subfield>
			<marc:subfield code="m">(whole tomb).</marc:subfield>
			<marc:subfield code="n">m</marc:subfield>
		</marc:datafield>
		<marc:datafield tag="590" ind1="9" ind2=" ">
			<marc:subfield code="a">Photograph,</marc:subfield>
			<marc:subfield code="b">Bazzechi Foto, Florence</marc:subfield>
			<marc:subfield code="j">Purchase,</marc:subfield>
			<marc:subfield code="k">Anne Markham Schultz (negative made c. 1962),</marc:subfield>
			<marc:subfield code="l">February 28, 1977</marc:subfield>
			<marc:subfield code="m">(detail, left putto).</marc:subfield>
		</marc:datafield>
		<marc:datafield tag="590" ind1="9" ind2=" ">
			<marc:subfield code="a">Photograph,</marc:subfield>
			<marc:subfield code="b">Bazzechi Foto, Florence</marc:subfield>
			<marc:subfield code="j">Purchase,</marc:subfield>
			<marc:subfield code="k">Anne Markham Schultz (negative made c. 1962),</marc:subfield>
			<marc:subfield code="l">February 28, 1977</marc:subfield>
			<marc:subfield code="m">(detail, left putto, face).</marc:subfield>
		</marc:datafield>
		<marc:datafield tag="590" ind1="9" ind2=" ">
			<marc:subfield code="a">Photograph,</marc:subfield>
			<marc:subfield code="b">Bazzechi Foto, Florence</marc:subfield>
			<marc:subfield code="j">Purchase,</marc:subfield>
			<marc:subfield code="k">Anne Markham Schultz (negative made c. 1962),</marc:subfield>
			<marc:subfield code="l">February 28, 1977</marc:subfield>
			<marc:subfield code="m">(detail, right putto).</marc:subfield>
		</marc:datafield>
		<marc:datafield tag="590" ind1="9" ind2=" ">
			<marc:subfield code="a">Photograph,</marc:subfield>
			<marc:subfield code="b">Bazzechi Foto, Florence</marc:subfield>
			<marc:subfield code="j">Purchase,</marc:subfield>
			<marc:subfield code="k">Anne Markham Schultz (negative made c. 1962),</marc:subfield>
			<marc:subfield code="l">February 28, 1977</marc:subfield>
			<marc:subfield code="m">(detail, right putto, face).</marc:subfield>
		</marc:datafield>
		<marc:datafield tag="590" ind1="9" ind2=" ">
			<marc:subfield code="a">Photograph,</marc:subfield>
			<marc:subfield code="b">Bazzechi Foto, Florence</marc:subfield>
			<marc:subfield code="j">Purchase,</marc:subfield>
			<marc:subfield code="k">Anne Markham Schultz (negative made c. 1962),</marc:subfield>
			<marc:subfield code="l">February 28, 1977</marc:subfield>
			<marc:subfield code="m">(detail, right putto, profile).</marc:subfield>
		</marc:datafield>
		<marc:datafield tag="590" ind1="9" ind2=" ">
			<marc:subfield code="a">Photograph,</marc:subfield>
			<marc:subfield code="b">Bazzechi Foto, Florence</marc:subfield>
			<marc:subfield code="j">Purchase,</marc:subfield>
			<marc:subfield code="k">Anne Markham Schultz (negative made c. 1962),</marc:subfield>
			<marc:subfield code="l">February 28, 1977</marc:subfield>
			<marc:subfield code="m">(detail, left lion).</marc:subfield>
		</marc:datafield>
		<marc:datafield tag="590" ind1="9" ind2=" ">
			<marc:subfield code="a">Photograph,</marc:subfield>
			<marc:subfield code="b">Bazzechi Foto, Florence</marc:subfield>
			<marc:subfield code="j">Purchase,</marc:subfield>
			<marc:subfield code="k">Anne Markham Schultz (negative made c. 1962),</marc:subfield>
			<marc:subfield code="l">February 28, 1977</marc:subfield>
			<marc:subfield code="m">(detail, right lion).</marc:subfield>
		</marc:datafield>
		<marc:datafield tag="590" ind1="9" ind2=" ">
			<marc:subfield code="a">Photograph,</marc:subfield>
			<marc:subfield code="b">Bazzechi Foto, Florence</marc:subfield>
			<marc:subfield code="j">Purchase,</marc:subfield>
			<marc:subfield code="k">Anne Markham Schultz (negative made c. 1962),</marc:subfield>
			<marc:subfield code="l">February 28, 1977</marc:subfield>
			<marc:subfield code="m">(detail, right putto, profile).</marc:subfield>
		</marc:datafield>
		<marc:datafield tag="556" ind1=" " ind2=" ">
			<marc:subfield code="a">(b) Information from Frick Art Reference Library Photoarchive.</marc:subfield>
		</marc:datafield>
		<marc:datafield tag="556" ind1=" " ind2=" ">
			<marc:subfield code="a">(c) Schulz, Anne Markham. The Sculpture of Bernardo Rossellino and His Workshop. 1977, pp.64-68, pl.107-113.</marc:subfield>
		</marc:datafield>
		<marc:datafield tag="600" ind1="1" ind2="0">
			<marc:subfield code="a">Rossellino, Bernardo,</marc:subfield>
			<marc:subfield code="d">1409-1464.</marc:subfield>
		</marc:datafield>
		<marc:datafield tag="600" ind1="1" ind2="0">
			<marc:subfield code="a">Rossellino, Domenico,</marc:subfield>
			<marc:subfield code="d">approximately 1402-approximately 1483.</marc:subfield>
		</marc:datafield>
		<marc:datafield tag="600" ind1="1" ind2="0">
			<marc:subfield code="a">Rossellino, Antonio,</marc:subfield>
			<marc:subfield code="d">1427-1479.</marc:subfield>
		</marc:datafield>
		<marc:datafield tag="650" ind1=" " ind2="0">
			<marc:subfield code="a">Art, Italian.</marc:subfield>
		</marc:datafield>
		<marc:datafield tag="650" ind1=" " ind2="7">
			<marc:subfield code="a">Sculpture: Sculptured objects: Tombs, sarcophagi, etc. (monumental).</marc:subfield>
			<marc:subfield code="2">local.</marc:subfield>
		</marc:datafield>
		<marc:datafield tag="655" ind1=" " ind2="7">
			<marc:subfield code="a">Italian School.</marc:subfield>
			<marc:subfield code="2">local.</marc:subfield>
		</marc:datafield>
		<marc:datafield tag="655" ind1=" " ind2="7">
			<marc:subfield code="a">Sculpture (visual work)</marc:subfield>
			<marc:subfield code="2">aat</marc:subfield>
			<marc:subfield code="0">http://vocab.getty.edu/aat/300047090</marc:subfield>
		</marc:datafield>
		<marc:datafield tag="655" ind1=" " ind2="7">
			<marc:subfield code="a">Reproductions.</marc:subfield>
			<marc:subfield code="2">aat</marc:subfield>
			<marc:subfield code="0">http://vocab.getty.edu/aat/300015643</marc:subfield>
		</marc:datafield>
		<marc:datafield tag="700" ind1="1" ind2=" ">
			<marc:subfield code="a">Rossellino, Domenico,</marc:subfield>
			<marc:subfield code="j">attributed to,</marc:subfield>
			<marc:subfield code="d">approximately 1402-approximately 1483,</marc:subfield>
			<marc:subfield code="e">contributor.</marc:subfield>
		</marc:datafield>
		<marc:datafield tag="700" ind1="1" ind2=" ">
			<marc:subfield code="a">Rossellino, Antonio,</marc:subfield>
			<marc:subfield code="d">1427-1479,</marc:subfield>
			<marc:subfield code="e">contributor.</marc:subfield>
		</marc:datafield>
		<marc:datafield tag="700" ind1="1" ind2=" ">
			<marc:subfield code="a">Rossellino, Bernardo,</marc:subfield>
			<marc:subfield code="d">1409-1464,</marc:subfield>
			<marc:subfield code="j">workshop of,</marc:subfield>
			<marc:subfield code="e">contributor.</marc:subfield>
		</marc:datafield>
		<marc:datafield tag="710" ind1="2" ind2=" ">
			<marc:subfield code="a">SS. Annunziata (Church : Florence, Italy)</marc:subfield>
		</marc:datafield>
		<marc:datafield tag="710" ind1="2" ind2=" ">
			<marc:subfield code="a">Frick Art Reference Library.</marc:subfield>
		</marc:datafield>
		<marc:datafield tag="792" ind1="1" ind2=" ">
			<marc:subfield code="a">Rossellino, Bernardo,</marc:subfield>
			<marc:subfield code="d">1409-1464,</marc:subfield>
			<marc:subfield code="e">collaborator.</marc:subfield>
		</marc:datafield>
		<marc:datafield tag="852" ind1="8" ind2=" ">
			<marc:subfield code="a">NNFr</marc:subfield>
			<marc:subfield code="h">Rossellino, Bernardo S 709-1b (sculpture)</marc:subfield>
			<marc:subfield code="x">kp</marc:subfield>
		</marc:datafield>
		<marc:datafield tag="910" ind1=" " ind2=" ">
			<marc:subfield code="a">.b13653532</marc:subfield>
		</marc:datafield>
		<marc:datafield tag="902" ind1=" " ind2=" ">
			<marc:subfield code="a">170302</marc:subfield>
			<marc:subfield code="d">150403</marc:subfield>
		</marc:datafield>
		<marc:datafield tag="996" ind1=" " ind2=" ">
			<marc:subfield code="b">0</marc:subfield>
			<marc:subfield code="c">150403</marc:subfield>
			<marc:subfield code="d">d</marc:subfield>
			<marc:subfield code="e">k</marc:subfield>
			<marc:subfield code="f">-</marc:subfield>
			<marc:subfield code="g">0</marc:subfield>
			<marc:subfield code="l">fpw</marc:subfield>
		</marc:datafield>
		<marc:datafield tag="948" ind1=" " ind2=" ">
			<marc:subfield code="a">LTI 07/01/2015</marc:subfield>
		</marc:datafield>
		<marc:datafield tag="980" ind1="2" ind2=" ">
			<marc:subfield code="a">Attribution change. Add 7 details</marc:subfield>
		</marc:datafield>
		<marc:datafield tag="980" ind1="2" ind2=" ">
			<marc:subfield code="a">CIDOC-CRM mapping example</marc:subfield>
		</marc:datafield>
		<marc:datafield tag="980" ind1="4" ind2=" ">
			<marc:subfield code="a">FARL Mounts File</marc:subfield>
		</marc:datafield>
		<marc:datafield tag="983" ind1=" " ind2=" ">
			<marc:subfield code="a">8</marc:subfield>
			<marc:subfield code="b"> reproduction(s).</marc:subfield>
		</marc:datafield>
		<marc:datafield tag="902" ind1=" " ind2=" ">
			<marc:subfield code="d">150403</marc:subfield>
		</marc:datafield>
		<marc:datafield tag="945" ind1=" " ind2=" ">
			<marc:subfield code="a">Rossellino, Bernardo S 709-1b (sculpture)</marc:subfield>
			<marc:subfield code="g">1</marc:subfield>
			<marc:subfield code="j">0</marc:subfield>
			<marc:subfield code="l">fpw  </marc:subfield>
			<marc:subfield code="o">x</marc:subfield>
			<marc:subfield code="p">$0.00</marc:subfield>
			<marc:subfield code="q">-</marc:subfield>
			<marc:subfield code="r">-</marc:subfield>
			<marc:subfield code="s">-</marc:subfield>
			<marc:subfield code="t">10</marc:subfield>
			<marc:subfield code="u">0</marc:subfield>
			<marc:subfield code="v">0</marc:subfield>
			<marc:subfield code="w">0</marc:subfield>
			<marc:subfield code="x">0</marc:subfield>
			<marc:subfield code="y">.i23545860</marc:subfield>
			<marc:subfield code="z">150403</marc:subfield>
		</marc:datafield>
	</marc:record>
</marc:collection>
